2567 4209
501 285 752 394 nrrrnrrtrr‘s.
1052 342 1094 431 33

201 493 307 556 Cerno,
319 495 348 548 ds
363 493 553 547 Jureuonsultis
564 495 671 557 dicitur,
685 512 745 549 sum
755 492 923 563 litigantibus
936 507 982 554 out
996 502 1099 571 aliquid

166 563 385 626 oontrutientiins‚
405 563 459 615 siue
480 563 573 625 uerbis,
595 565 648 617 sive
671 566 777 633 scripto,
803 569 946 631 ostendunt,
967 576 1096 638 quomodo

168 633 202 718 iis
213 634 371 718 introeundo,
392 647 483 697 resque
504 634 678 688 contrahendo
698 636 740 695 sit,
754 652 786 687 ne
798 652 877 688 ouuro
888 641 987 702 111111,
997 649 1043 694 orn
1054 644 1096 697 αθ.

165 702 1017 845 111111111111111111111
1030 712 1100 836 ut

167 843 259 902 bendi,
279 843 386 895 cauendi
405 845 512 893 secutus
532 844 584 893 ent.
604 842 637 894 ad
659 842 721 895 Div.
736 845 775 895 iii.
790 847 814 895 1.
833 846 862 896 rte
887 845 996 900 Valerio
1007 848 1096 902 Jcro:

167 914 265 965 melius
288 913 315 963 ei
336 927 424 963 enuere
437 910 507 971 volo,
527 927 607 979 qnam
632 912 690 979 ipse
710 914 771 965 aliis
789 916 868 966 solet.
882 915 917 967 ef.
930 914 1099 972 Ο11111.’27.

168 982 218 1034 Or.
232 983 251 1033 i.
264 984 307 1032 18.
332 980 418 1033 *trino
431 995 528 1032 cavere
548 980 672 1032 dicuntur
693 983 773 1034 etiarn
787 983 813 1054 1)
839 984 885 1050 pui
905 985 957 1037 siti
976 989 1100 1041 satisdare·

166 1050 261 1118 jubent
273 1051 303 1101 in
314 1066 343 1101 re
355 1050 454 1115 utiquo.
473 1050 553 1102 Brut.
565 1052 591 1100 ὀ.
605 1052 655 1102 nisi
668 1053 742 1118 prins
754 1069 770 1103 a
782 1058 812 1105 te
824 1068 923 1115 cunero,
937 1059 1052 1125 amplius
1065 1074 1098 1111 eo

174 1120 284 1171 nomine
305 1122 438 1171 nerninem
460 1120 620 1185 petiturum.
650 1120 686 1172 ei.
706 1119 783 1173 Verr.
798 1124 827 1173 ii.
839 1124 884 1174 23.
927 1123 1007 1178 Verr.
1021 1130 1040 1179 i.
1053 1129 1096 1179 54.

174 1187 321 1257 praedibus
333 1194 363 1241 et
375 1187 492 1255 praediis
504 1183 718 1255 populosiorem
729 1194 781 1241 est.
812 1189 841 1261 2)
860 1192 906 1257 qui
917 1193 1019 1259 aliquid
1030 1198 1098 1249 eusi-

167 1259 250 1325 piunt
261 1258 292 1308 in
295 1254 423 1323 sorrentu
437 1258 576 1323 pantonis,
590 1264 635 1309 out
648 1258 821 1311 nonnionem
834 1261 952 1325 ntiquom
961 1265 1099 1329 pooisoun·

172 1335 226 1380 tur.
265 1325 344 1379 Verr.
358 1328 377 1379 i.
392 1331 432 1379 11.
451 1326 579 1380 viderunt
598 1330 626 1380 in
645 1330 781 1389 cautione,
794 1345 856 1381 eum
877 1332 918 1382 ita
935 1341 1061 1396 cunerem,
1074 1338 1097 1387 si

172 1394 385 1466 prosilientem.
407 1397 435 1448 in
455 1398 596 1449 consitium
616 1399 712 1449 iretur.
748 1396 778 1468 3)
789 1398 835 1463 qui
853 1399 935 1451 alicui
947 1416 1097 1470 quocunque

174 1468 245 1587 11ιὲ11
255 1466 430 1532 prospiciunt.
449 1465 680 1519 cruentemur
690 1464 748 1518 Hs.
757 1482 812 1519 xxx
821 1470 924 1535 scripta
935 1477 1034 1533 essent,
1048 1489 1097 1540 pro

175 1535 204 1588 H
228 1551 303 1593 uec,
324 1550 410 1605 neque
429 1538 456 1588 ei
475 1538 540 1587 satis
563 1542 669 1587 cnutum
686 1534 845 1595 ridereturs
865 1539 961 1599 votuit,
974 1557 1036 1593 eum
1049 1544 1098 1595 ali-

174 1604 238 1675 quid
262 1609 404 1671 auoeptum
425 1603 528 1658 reterre
551 1606 722 1658 liberalitati.
768 1605 833 1676 leeg.
856 1608 1095 1664 1121101111.

176 1674 192 1708 '¹‘
201 1675 341 1741 pronibere
353 1675 415 1740 tege,
432 1674 522 1726 edicto.
550 1673 628 1727 Verr.
642 1677 661 1725 i.
675 1677 717 1725 43.
736 1690 784 1726 cur
804 1676 862 1735 hoc,
876 1692 938 1728 cum
957 1680 985 1730 in
1002 1679 1097 1735 eodem

173 1745 331 1814 generent,
344 1759 396 1796 non
408 1759 488 1796 eones.
525 1805 529 1811 p

211 1813 366 1865 Currum:
385 1814 493 1882 navigii.
531 1812 579 1864 Or.
593 1811 632 1865 iii.
646 1813 689 1863 46.
702 1817 762 1863 sunt
770 1811 853 1863 &itero
865 1827 934 1865 cono.
947 1831 972 1866 1.
984 1813 1057 1867 Seru.
1067 1818 1100 1869 ar

181 1882 260 1947 rog.
271 1881 340 1933 Aen.
353 1883 385 1935 ii.
399 1887 441 1936 19.
460 1882 504 1933 sed
510 1883 589 1946 uulgo
601 1883 619 1934 t.
633 1897 656 1932 c.
669 1887 705 1932 est
717 1883 831 1932 carinas.

211 1951 394 2006 Crrrnnnrro.
430 1953 479 2004 Or.
494 1951 578 2004 1154.
595 1948 849 2017 genusfoeetiorum
866 1952 897 2003 in
917 1957 970 2004 toto
981 1969 1099 2008 sermone

167 2019 277 2091 susum.
297 2020 345 2072 Gr.
358 2041 453 2094 ogerus,
463 2021 537 2087 quoti
547 2019 667 2072 Socrates
674 2034 736 2072 usus
745 2024 790 2080 est,
799 2021 867 2085 pund
877 2020 994 2088 nonfuit
1005 2024 1036 2092 io
1046 2026 1100 2078 sirt·

175 2092 249 2157 gulis
260 2091 344 2143 uubis
355 2098 402 2142 unt
413 2090 498 2143 dictis.

213 2160 368 2221 Crianos,
383 2160 469 2225 jocor.
489 2158 555 2212 Nat.
573 2159 607 2211 D.
622 2162 663 2213 iii.
683 2163 726 2212 34.
744 2162 828 2228 atque
840 2162 868 2214 in
880 2178 913 2214 eo
925 2165 1010 2216 etiam
1022 2163 1102 2217 curil-

179 2232 304 2283 11111111.
323 2231 385 2283 Ast.
399 2230 428 2281 ii.
443 2234 466 2282 1.
481 2234 538 2299 jam
558 2230 731 2282 familiariter
742 2246 803 2282 curn
824 2233 882 2299 ipso
894 2233 1002 2284 sontior
1013 2236 1099 2287 etiarn

179 2305 209 2353 et
217 2304 302 2369 jocor.
322 2299 337 2332 *
344 2299 430 2366 jocose
445 2299 604 2365 perstringo.
624 2300 678 2356 tiu.
692 2298 737 2351 Fr.
751 2301 780 2351 ii.
795 2302 836 2352 12.
855 2304 911 2370 ejus
926 2309 1100 2370 praetextam

178 2373 231 2422 risu
245 2386 303 2422 sum
316 2369 458 2421 ruoittutus.

212 2438 374 2491 Crurouon.
393 2453 428 2489 ex
441 2438 527 2492 Ennio
538 2437 591 2490 Off.
604 2438 623 2489 i.
638 2440 679 2490 12.
698 2454 751 2490 non
763 2446 934 2504 cauponantes
946 2442 1057 2505 bellum,
1070 2441 1098 2496 h.

179 2525 204 2562 e.
218 2509 287 2560 lueri
298 2522 376 2559 rouro
385 2514 511 2571 gerentes.
1052 2551 1056 2557 .

212 2577 313 2630 ceusu.
332 2593 383 2648 ros,
395 2577 424 2628 de
436 2593 487 2643 pso
498 2579 528 2630 in
545 2575 648 2644 jurir’oio
668 2576 765 2639 agitur,
783 2579 958 2628 controversia
968 2576 1098 2645 sorensis,

180 2645 391 2714 puoestiofinito,
404 2645 452 2698 Gr.
465 2649 573 2701 111111.
587 2661 607 2696 s.
616 2651 646 2695 ut
654 2644 744 2695 Cicero
756 2644 862 2710 definit:
875 2660 926 2705 res,
936 2662 1004 2713 qnae
1016 2650 1101 2702 habet

179 2721 249 2770 inse
269 2718 488 2776 controversiam,
510 2713 663 2766 indicendo
683 2716 808 2779 positam,
820 2729 882 2766 oum
895 2716 1100 2783 interpositione
1142 2775 1144 2780 ,

178 2802 353 2855 personarum
366 2794 511 2837 certarum.
547 2782 605 2835 lnr.
619 2785 637 2836 i.
648 2787 673 2834 6.
686 2782 726 2834 11.
735 2783 782 2835 Or.
796 2784 823 2834 ii.
839 2786 879 2834 19.
897 2783 978 2847 Hinc,
991 2787 1038 2838 uos
1058 2804 1101 2841 res
1137 2789 1140 2794 ’

180 2862 204 2907 et
215 2872 297 2907 eausa
313 2856 474 2921 junguntur,
488 2853 524 2906 P.
542 2851 690 2913 Manutius,
712 2868 768 2904 rem
789 2854 817 2904 de
837 2858 890 2905 toto
910 2856 1014 2919 negotio
1033 2856 1100 2910 inse

183 2924 351 2984 considerato,
371 2938 479 2975 eausam
499 2923 529 2975 de
550 2923 689 2987 moneretis
708 2928 857 2987 temporum
877 2936 1100 2991 personarumque

183 2993 358 3045 accedentibus
370 2999 436 3044 reete
446 2989 571 3059 sopiebat.
589 3007 614 3042 1.
627 2991 707 3056 adep.
722 2993 745 3041 1.
760 2989 792 3041 L.
806 2991 825 3041 1.
836 2991 870 3040 ort
887 2988 952 3042 Dio.
963 3008 992 3058 p.
1007 2996 1099 3047 1111.

182 3060 277 3114 Groeu.
291 3062 395 3120 uincet,
409 3062 471 3128 quid
481 3062 516 3113 sit
527 3075 633 3112 sonsum
641 3074 802 3125 sornponere
816 3059 935 3118 sor-ibere,
948 3077 975 3111 v.
988 3077 1013 3113 o.
1038 3064 1099 3115 Att.

182 3146 228 3184 xv.
241 3133 284 3182 21.
303 3131 417 3195 intelligi
423 3137 514 3197 potest.
550 3129 626 3208 onsi
634 3143 792 3197 promotuum
803 3144 894 3180 uerum
905 3135 949 3190 est,
959 3135 1047 3182 tomen
1055 3139 1100 3194 est,

180 3200 228 3251 noi
239 3199 317 3251 orirer
328 3199 429 3251 Cicero.
452 3197 533 3251 Turn.
546 3200 566 3251 i.
580 3203 738 3251 41111111
751 3200 830 3251 rebus
842 3214 859 3249 a
870 3197 928 3249 Diis
942 3202 1100 3253 immortali-

181 3269 232 3321 bus
245 3265 410 3336 judicatam.'
424 3268 499 3320 Nom
511 3284 540 3320 eo
552 3269 606 3320 loco
618 3284 698 3320 cause
714 3273 750 3318 est
765 3267 880 3334 quaestio
891 3267 1017 3336 infinito}
1035 3270 1101 3322 sitne

170 3352 254 3392 neore
265 3340 367 3390 motum
386 3353 433 3389 neo
444 3338 499 3389 ne?
516 3352 567 3395 rer,
589 3338 682 3403 quibus
700 3352 731 3388 eo
750 3352 828 3388 cuuso
842 3334 963 3401 judicato
982 3345 1027 3397 est,
1041 3345 1103 3391 sunt

181 3408 301 3472 corrupto
312 3408 459 3467 nominum,
474 3406 565 3471 quibus
577 3422 594 3457 o
613 3405 673 3458 Deo
693 3407 723 3458 in
742 3404 861 3470 beneficii
881 3405 936 3456 loco
958 3421 1030 3456 mors
1042 3421 1102 3459 sorr-

179 3490 259 3529 oesro.
286 3474 417 3536 Ceterum,
432 3476 557 3541 qnoniam
568 3472 666 3542 insero
673 3475 750 3526 nutto
758 3478 841 3540 potest
852 3488 904 3523 esse
916 3476 1099 3538 controuersia,

180 3544 237 3595 sine
250 3544 445 3611 interpositione
456 3559 636 3609 personarum,
657 3550 795 3609 propterea
815 3556 894 3593 11111
911 3542 940 3595 de
952 3559 1103 3612 quoeunqn

179 3612 473 3692 otturoosrstusorensi
484 3612 598 3668 nurture
625 3612 729 3671 causae
739 3610 862 3681 forenses
878 3618 965 3668 nutem
984 3621 1044 3668 euru
1062 3615 1103 3674 sest
