2567 4209
196 323 259 389 m
544 363 546 367 a
602 312 724 369 nour

193 477 298 540 itam,
315 473 420 545 dgnii.
432 476 477 526 30.
503 471 580 526 vobis
605 473 679 525 nulla
699 473 780 543 gleba
799 472 834 525 de
853 474 975 539 paternis
992 474 1117 527 eteritis

194 545 402 617 possessionibus
423 544 591 611 relinquatur
604 558 663 600 sac
686 546 794 595 tantum
819 542 947 594 intererit
968 545 1041 594 inter
1059 559 1120 595 ves·

193 623 266 672 tram
277 620 308 667 et
323 614 491 681 privatorum
508 611 683 677 diligentiam,
696 618 753 664 etc.
789 611 869 664 *Oli
879 612 898 663 i.
907 615 950 663 39.
970 612 1120 664 commodi·

177 687 261 739 ‘tatis
279 684 426 748 diligentia.
462 684 478 715 *
491 682 549 734 lm.
562 682 581 733 i.
596 686 636 733 11.
664 680 816 751 Negotialis
840 682 1004 734 constitutio
1016 688 1068 741 est,
1090 682 1121 734 in

192 772 256 826 qua,
269 753 333 824 quid
341 754 410 821 juris
425 769 459 805 ex
475 753 551 805 civili
564 767 638 803 more
651 758 682 804 et
693 750 834 820 aequitate
851 753 897 809 sit.
910 750 1099 804 consideratur
1111 766 1120 810 ς

89 848 93 855 ·
194 825 239 880 cni
251 823 401 888 diligentiae
413 838 539 891 praeesse
552 820 623 887 apud
632 836 679 873 uos
691 822 755 875 JCti
764 823 966 873 existimantur.
1003 819 1122 872 *ludus-

194 897 249 949 tria
260 900 285 947 et
295 892 438 961 diligentia
450 890 575 958 qaemnde
592 887 728 956 differm,
742 890 859 955 intelligi
868 896 952 956 petest
963 905 995 940 en
1008 888 1087 942 Verr.
1101 890 1121 941 i.

194 967 221 1018 o.
240 979 293 1032 quo
306 963 333 1014 in
345 962 454 1032 negotio
474 960 634 1013 industrium
646 976 735 1014 meam
756 960 885 1011 celeritas
898 959 1048 1019 reditionis,
1061 960 1123 1011 dili·

192 1034 312 1100 gentinm
324 1030 472 1085 multitudo
493 1031 633 1083 literarum
646 1036 677 1084 et
689 1032 803 1083 testium
819 1029 980 1081 declaravit.
1019 1028 1122 1094 Nempe

195 1103 338 1172 diligentia
357 1108 393 1153 est
414 1116 477 1167 quae
491 1099 600 1153 &necis
617 1103 726 1171 αιςιβυω,
745 1114 817 1158 euro,
829 1098 1014 1164 prmideminr
1033 1098 1124 1150 indus·

196 1175 299 1305 triasest
309 1171 432 1224 alteritas
444 1177 468 1222 et
489 1169 606 1222 studium
626 1168 657 1219 in
675 1170 762 1220 latore
781 1168 957 1234 suscipiendo,
969 1168 1085 1233 urgenda
1097 1174 1123 1219 et

217 1258 245 1293 er
258 1240 360 1292 erendu.
1167 1257 1176 1278 1

195 1257 215 1309 p
233 1310 478 1370 melodunensis,
499 1309 530 1361 in
541 1307 751 1368 commendando,
764 1307 952 1367 intercedendo,
965 1307 1135 1373 deprecanda.

198 1386 244 1440 est,
257 1394 317 1430 mm
328 1394 393 1430 eure
403 1385 428 1430 et
440 1389 500 1431 cam
517 1379 613 1430 deleetn
623 1379 764 1429 veriorum
776 1383 801 1428 et
812 1377 1011 1436 sententiarum,
1023 1394 1054 1428 ea
1066 1376 1126 1441 qui·

199 1452 255 1509 dus,
265 1454 392 1513 quantum
404 1448 507 1513 aliquid
518 1447 636 1507 uelimus,
650 1447 765 1510 tmetltgt
770 1453 864 1512 potest.
877 1462 901 1497 n.
911 1462 933 1497 c.
946 1445 980 1498 ad
992 1446 1054 1498 Div.
1064 1446 1123 1497 xiii.

200 1522 243 1573 10.
262 1517 463 1581 diligentissime
475 1518 606 1569 scribere.
626 1516 641 1549 *
654 1532 714 1567 cnm
725 1516 860 1578 namnet
872 1517 975 1568 dilenm
1007 1515 1084 1568 Verr.
1095 1518 1125 1568 ii.

199 1592 243 1640 53.
263 1588 310 1639 ille
322 1588 396 1639 enim
408 1591 455 1639 est
469 1587 650 1656 magistratus,
663 1588 709 1653 qni
730 1586 928 1650 diligentissime
949 1584 1091 1638 mandatur
1109 1601 1127 1637 a

256 1659 309 1710 ulo.

201 1675 387 1786 podlruroanm
409 1727 480 1778 idem
491 1732 528 1777 est
537 1725 646 1792 proprie
658 1725 726 1790 qnod
742 1724 862 1789 deligere.
899 1724 959 1776 nin.
973 1724 1012 1775 iii.
1025 1726 1050 1775 6.
1069 1724 1127 1776 aui·

200 1798 257 1851 mal
270 1797 357 1864 ipsum
370 1796 423 1847 sibi
437 1795 620 1848 commendari
632 1793 703 1846 adse
715 1792 936 1854 conservandum,
948 1822 961 1835 ·
972 1821 984 1834 ·
995 1799 1024 1846 et
1037 1793 1070 1845 ad
1082 1810 1126 1855 ea,

202 1870 353 1936 quaesunt
373 1866 563 1918 conservantia
575 1869 615 1917 sui
636 1869 722 1916 status
743 1864 885 1928 diligendo.
921 1862 995 1916 Hine
1012 1863 1126 1931 diligere

203 1937 323 2005 aliquem
336 1941 380 1995 est,
390 1942 499 2001 prepter
509 1936 617 1987 uirtutes
629 1934 788 2000 ejusnnndis
796 1934 913 1998 cognitas
921 1930 1125 1999 nrugnifnoere:

205 2020 369 2057 cumamare
382 2004 526 2064 mensi.
540 2003 615 2055 muni
631 2004 678 2056 illa
690 2019 766 2055 sensu
776 2003 995 2062 mmericnmris.
1009 2003 1055 2068 qui
1072 2017 1128 2054 nnn

205 2082 262 2136 torn
280 2089 311 2124 ea
330 2073 472 2125 uirtutibus
492 2073 600 2125 ulterirn
620 2080 695 2137 atque
708 2088 725 2123 c
736 2080 804 2124 certe
822 2071 924 2139 jndicio
940 2071 1126 2139 mencietur,

106 2171 109 2176 >
206 2157 286 2210 prom
294 2157 311 2192 n
322 2157 417 2198 sensns
434 2142 500 2193 unde
513 2142 646 2197 interdum
657 2142 854 2207 distinguuntur
865 2139 978 2210 diligere
990 2148 1013 2192 et
1025 2157 1126 2201 amaro,

97 2275 100 2278 1
150 2223 154 2230 ’
206 2230 233 2264 n.
246 2228 268 2263 c.
281 2210 315 2263 ad
324 2210 387 2262 Div.
400 2213 437 2263 ix.
450 2215 490 2262 14.
510 2210 576 2263 ibid.
590 2211 608 2264 i.
618 2213 644 2262 9.
662 2226 724 2263 eum
737 2216 872 2279 perpetuo
892 2210 1007 2280 quodam
1023 2210 1128 2280 Judicic

207 2281 425 2344 diligebnmetc.

243 2350 430 2402 Dinomenen.
458 2348 505 2402 Or.
520 2351 549 2401 ii.
562 2352 606 2401 28.
624 2349 764 2401 diloricare
777 2353 913 2402 tunicam:
933 2351 951 2401 i.
965 2367 990 2402 e.
1003 2356 1127 2413 retegere.

208 2434 273 2544 nnrrp
285 2419 398 2537 lnrltcare
410 2419 491 2471 etium
502 2426 538 2470 est
547 2435 598 2486 pre
611 2424 715 2487 tegere.
751 2418 797 2472 sn
807 2419 921 2486 pnrr'etes
932 2420 1055 2472 dicuntm
1065 2420 1129 2471 lori·

209 2504 257 2554 car
273 2492 324 2553 nc
338 2488 405 2552 orio.

242 2555 382 2618 Diuersa,
400 2557 528 2610 minnere.
565 2557 646 2610 Tusc.
661 2558 700 2610 iii.
715 2561 757 2610 16.
775 2558 874 2612 diluere
887 2559 1036 2611 molestias.
1060 2557 1131 2609 *re-

198 2625 306 2697 fellere
315 2639 317 2644 ⁴
326 2623 407 2682 noso.
419 2626 482 2680 Am.
496 2629 539 2678 15.
557 2643 600 2680 res
611 2630 684 2679 leves
697 2627 828 2680 infirmem
840 2644 872 2679 ac
884 2629 993 2680 diluam.

175 2696 178 2703 '
245 2696 415 2750 Drnrunrro.
452 2696 529 2749 Prnv.
542 2695 621 2748 Coos.
637 2700 677 2748 16.
706 2698 814 2752 multari
836 2700 1028 2764 imperatorem
1047 2695 1130 2748 dimi·

149 2785 151 2788 ·
207 2766 316 2818 natione
326 2766 485 2831 provinciae,
495 2767 719 2818 contumeliosum
732 2775 784 2819 est.
822 2766 932 2819 1111136.
952 2770 973 2818 si
986 2783 1039 2835 qua
1049 2766 1129 2818 dimi-

209 2835 284 2888 nutio
296 2834 389 2899 cepitis
401 2835 490 2886 l'utura
502 2841 561 2887 est:
580 2838 608 2886 h.
620 2851 645 2887 e.
657 2836 680 2887 si
689 2837 825 2887 damnatas
836 2836 866 2888 in
878 2837 988 2888 esiliam
999 2836 1057 2892 nir.

245 2902 415 2955 Drmruuru's.
452 2904 521 2971 Tnp.
535 2907 559 2955 6.
578 2905 625 2972 qui
637 2908 728 2971 capite
740 2921 792 2957 non
804 2910 866 2957 sunt
877 2906 1003 2957 diminuti
1009 2921 1019 2962 3
1038 2918 1129 2970 mum·

212 2989 291 3043 quom
297 2972 337 3024 iti
348 2972 427 3026 etium
439 2973 535 3037 legitm
545 2973 687 3034 deminuti,
701 2981 724 3025 et
736 2976 773 3024 sic
785 2980 821 3025 est
832 2975 862 3025 in
873 2981 970 3025 nestra.
980 2990 1004 3025 e.
1017 2973 1116 3039 Caput.

246 3042 386 3094 Dimissus.
422 3041 556 3096 Acadir.
570 3048 595 3098 4.
621 3044 796 3110 philosophia,
810 3060 879 3111 quae
899 3059 968 3095 nunc
983 3059 1070 3112 prope
1089 3042 1131 3094 di-

211 3112 455 3167 lnissnrsrocatur.
499 3165 502 3173 .

240 3181 423 3233 Drunrrrau.
459 3176 566 3233 Verrin.
579 3197 605 3234 r.
615 3183 657 3233 58.
677 3181 806 3233 dimittere
820 3181 942 3252 iujuriam
956 3181 1127 3248 impunitam.

199 3251 249 3305 ad
257 3250 318 3301 Dir.
328 3251 365 3300 ix.
380 3250 421 3301 12.
439 3249 545 3308 coelum
556 3255 586 3301 et
596 3254 696 3302 terram
714 3250 767 3303 uim
779 3267 863 3311 suam,
876 3253 898 3303 si
910 3251 962 3303 tibi
974 3252 1128 3311 conveniat,

214 3320 353 3374 dimittere.
388 3316 460 3369 Phil.
469 3318 527 3371 xiii.
542 3323 565 3370 l.
585 3318 607 3370 si
620 3318 722 3387 aliquid
737 3318 772 3372 de
784 3335 888 3373 summa
904 3322 1039 3389 gravitate
1053 3319 1132 3371 Pom·

215 3393 300 3508 pejus(
320 3387 436 3444 multum
456 3386 491 3439 de
510 3386 662 3455 cupiditate
679 3387 777 3441 Caesar
796 3390 944 3442 dimisisset.
980 3389 1073 3440 Planc.
1086 3390 1130 3440 39.

215 3459 372 3520 liberatem
395 3471 484 3512 meam
507 3471 596 3525 nsque
618 3458 709 3510 dimisi
731 3475 856 3527 unquam,
877 3475 964 3527 neque
987 3458 1130 3509 dimittam.

215 3527 304 3582 Attio.
316 3525 372 3580 xvi.
386 3529 427 3577 13.
446 3525 562 3578 nondum
586 3528 676 3596 legere
700 3533 875 3599 poteramus:
894 3542 956 3581 nam
976 3533 1008 3581 et
1026 3526 1131 3581 mmm

216 3595 407 3659 dimncrnmns,
420 3610 471 3649 nec
483 3595 548 3649 satis
560 3596 678 3651 lucebat.
