2567 4209
209 328 273 389 204
601 317 720 372 iuuux

208 479 281 535 tores
292 477 424 537 dimotus,
444 475 491 542 qui
510 475 652 543 imponunt
672 475 821 527 bominibus
840 475 941 544 albuli
954 475 986 528 iu
995 492 1026 528 re
1038 477 1128 543 almus

205 562 333 620 provere.
370 545 466 597 Nostri
477 546 564 597 eodem
575 546 668 597 moao:
686 545 771 597 ciuem
782 552 856 597 struas
867 542 1005 614 oufbefleu
1017 566 1025 597 .·
1043 547 1130 613 impo-

206 635 268 674 mre
280 617 317 670 sie
329 622 365 667 est
382 614 416 667 sd
428 616 489 666 Au.
503 631 547 667 xv.
555 617 599 667 211.

242 688 421 740 luooureuu.
457 682 505 736 Or.
515 686 533 735 i.
543 686 568 736 9.
585 683 755 737 detrimenta
773 684 925 751 importata.
944 684 979 737 ad
990 683 1055 737 Div.
1068 686 1126 738 xvi.

204 762 247 813 21.
266 755 443 823 suspicionem
455 753 536 806 alicui
549 753 702 819 importare.

241 827 465 881 lueourouiros.
484 828 521 874 est
538 823 654 875 bominis
672 822 786 889 difficilis
803 830 828 875 et
843 823 951 878 morosi.
969 821 1084 876 Calua.
1103 830 1128 876 et

206 897 326 952 emtdeir's.
344 893 392 945 Or.
407 894 425 944 i.
438 895 480 944 53.

240 967 429 1019 lueourouos.
448 977 508 1028 opp.
525 967 679 1027 opportuno.
715 960 763 1015 Or.
777 964 841 1014 iil.
867 962 914 1013 abi
930 968 1020 1013 taooeu
1042 961 1128 1014 Peer-

205 1036 262 1088 eius
274 1052 287 1087 e
299 1033 365 1085 Mss.
374 1031 470 1097 recepit
482 1032 675 1099 inopportuuus
687 1033 714 1083 iu
727 1032 790 1083 Seu.
800 1047 827 1099 p.
841 1031 874 1083 R.
885 1033 910 1082 o.
924 1032 1013 1084 vultus
1025 1032 1128 1100 impor-

204 1112 284 1157 temus
296 1108 333 1153 est
342 1101 456 1160 tetricus,
469 1101 551 1152 mimis
562 1116 664 1153 seuerus
675 1116 705 1151 oe
717 1108 788 1151 trum

240 1174 399 1225 turonum.
435 1170 483 1221 Or.
497 1169 535 1221 iii.
549 1173 591 1221 48.
611 1177 640 1221 et
652 1172 674 1220 si
684 1184 855 1222 numerosum
867 1173 911 1221 est
923 1168 950 1221 id
963 1170 990 1222 in
1001 1171 1127 1223 omnibus

204 1246 275 1296 souis
295 1247 377 1308 atque
397 1240 516 1297 vocibus,
537 1237 608 1306 quod
628 1240 713 1290 babet
736 1239 864 1306 quasdam
885 1239 1076 1304 impressiones.
1095 1244 1127 1292 ot

204 1310 276 1381 quoti
288 1309 379 1360 metiri
392 1322 529 1373 possumus
539 1308 690 1359 intervallis
700 1309 866 1375 aequalibus.
876 1309 923 1359 boe
936 1310 1126 1375 impressiones

202 1386 270 1438 mest,
284 1393 348 1443 quae
360 1377 413 1428 olio
425 1377 479 1427 loeo
492 1376 678 1444 percussiones
690 1377 821 1436 dicuutur.
832 1378 961 1442 dequibus
973 1376 1048 1444 iufra
1059 1379 1127 1430 ‹liae-

204 1464 272 1502 mus.
291 1447 307 1480 *
320 1446 458 1512 expressio.
495 1445 580 1498 Acad.
594 1447 648 1496 ia.
667 1447 814 1513 explanata
823 1462 918 1499 vocum
932 1447 1079 1512 impressio.

239 1518 398 1571 lurusssus.
429 1515 463 1567 ad
476 1513 539 1565 Div.
552 1531 577 1565 v.
590 1517 633 1567 20.
662 1516 784 1585 vestigiis
804 1516 942 1582 impresso.
980 1515 1125 1569 ouillo.

204 1595 294 1642 motus
308 1588 449 1654 impressus
461 1591 503 1637 est
516 1586 544 1636 iu
556 1584 614 1652 ipso
624 1590 742 1637 oratore.

240 1658 416 1709 lusuiueue.
452 1654 532 1706 'lisso
547 1654 565 1704 i.
577 1656 621 1706 25.
648 1654 773 1720 imprimi
811 1655 868 1706 uasi
892 1670 983 1707 aeram
1003 1656 1126 1710 animum

204 1734 339 1799 putamus.
376 1724 444 1777 Phil.
459 1741 485 1774 v.
495 1726 521 1775 6.
540 1722 694 1789 imprimere
706 1724 775 1790 reip.
788 1671 914 1776 liederus.

240 1799 405 1849 lueuouuus
424 1793 519 1845 vitam.
547 1792 605 1844 inv.
618 1793 648 1848 ii.
663 1796 702 1844 10.
731 1793 887 1859 improbam,
909 1794 1060 1846 sceleratam
1082 1796 1126 1848 tio-

202 1873 359 1922 momtrore.

237 1936 427 1988 lueuoueuio.
447 1930 512 1984 ibid.
525 1937 562 1984 est
580 1933 688 1984 uerbum
706 1931 865 1984 rhetoricum
877 1933 964 1985 eodem
975 1949 1060 1995 semus,
1073 1950 1125 2001 quo
1226 1998 1236 2023 ⁸

202 2008 239 2060 im
260 2007 364 2057 mirare.

237 2023 420 2128 furiosius.
446 2070 581 2135 iniquitas.
619 2069 716 2126 Quint.
729 2073 771 2123 27.
799 2069 995 2137 improbitatem
1015 2077 1046 2125 et
1065 2090 1124 2142 gru·

203 2143 270 2197 tiam
282 2156 344 2193 oum
357 2140 447 2206 iuopia
459 2143 488 2189 et
501 2141 620 2192 veritate
628 2140 803 2192 contendere.
823 2139 894 2200 *ois‚
908 2157 971 2206 quae
983 2149 1020 2193 est
1032 2151 1125 2195 ooutro
1159 2188 1161 2190 ,

203 2215 278 2276 leges.
297 2209 406 2261 Caeoin.
419 2210 445 2258 2.
473 2208 627 2272 improbitas
648 2209 774 2262 Aebutii.
799 2208 815 2243 *
825 2211 980 2276 petulantia.
1016 2210 1078 2264 Dir.
1093 2214 1122 2265 ii.

200 2284 245 2335 32.
264 2278 419 2343 improbitas
430 2276 534 2327 simiae.

236 2349 386 2406 luemus,
405 2345 452 2410 qui
463 2351 555 2396 curura
566 2343 718 2411 legessooit.
739 2345 818 2400 Verr.
832 2348 850 2399 i.
864 2350 907 2401 42.
926 2353 1123 2404 testamentum

200 2418 362 2540 immitam.
398 2415 477 2467 Rosa.
489 2413 565 2466 Com.
577 2418 617 2466 16.
635 2417 752 2482 improbi
776 2425 835 2469 suut
855 2417 951 2484 iniqui,
967 2421 1122 2485 petulantes,

202 2506 229 2544 m
289 2502 332 2538 roi.

236 2558 389 2610 luruouus.
408 2553 487 2606 Verr.
498 2556 568 2606 ibt.
588 2554 725 2621 impudens
737 2556 869 2622 pecunius
889 2557 908 2608 i.
921 2573 947 2609 e.
965 2558 1037 2610 ualde
1048 2574 1124 2625 mug-

202 2642 246 2688 ua,
259 2642 338 2692 quom
347 2625 479 2691 postulare
492 2624 561 2674 volite
575 2624 713 2690 impudens
721 2630 765 2675 est.

237 2696 380 2748 luroresio.
417 2693 474 2744 luv.
485 2693 513 2743 ii.
527 2695 552 2742 b.
579 2694 705 2759 impulsio
724 2699 776 2754 est,
789 2710 858 2763 quae
878 2698 935 2748 siue
954 2699 1122 2764 cogitatione

200 2762 394 2834 perquandom
408 2762 579 2814 affectionem
599 2764 682 2815 animi
702 2763 792 2816 faeere
815 2765 918 2833 aliquid
938 2767 1071 2827 bortatur.
1089 2771 1122 2820 ut

201 2849 283 2893 amor,
298 2831 440 2886 iracundia.
451 2836 505 2882 eto.

235 2903 400 2956 lueouiuus.
435 2900 483 2952 Or.
497 2901 515 2952 i.
528 2903 571 2953 52.
589 2903 707 2953 omnium
719 2918 809 2954 rorum
830 2903 990 2970 impunitam
1008 2904 1123 2958 liberta·

202 2980 259 3026 tem
273 2978 384 3025 tenore:
405 2973 431 3023 b.
444 2987 470 3021 e.
488 2971 679 3036 plenissimum,
692 2987 746 3022 uon
757 2972 938 3024 imminutam.
974 2974 1066 3027 Plano.
1079 2979 1121 3028 12.

201 3043 364 3108 impunitum
377 3039 545 3091 mendacium
558 3046 595 3090 ost
604 3041 687 3091 mimis
696 3056 777 3104 grove
789 3047 813 3092 et
824 3042 968 3109 imputem.

235 3110 401 3163 lusouiues.
438 3107 672 3161 Rabir.Post.10.
691 3110 835 3176 impunitos
852 3126 869 3161 a
883 3112 988 3180 judicio
1010 3117 1041 3164 et
1064 3129 1122 3166 ser·

200 3196 289 3234 mone.
307 3178 386 3230 Brut.
400 3181 442 3230 91.
462 3178 606 3243 impuritas
621 3180 750 3246 juvenilis
762 3185 791 3231 et
806 3180 916 3233 licentia
927 3181 1042 3237 dicendi.
1054 3184 1122 3234 dioi-

200 3257 244 3301 tur
254 3247 467 3369 &mundantia
479 3245 527 3297 illa
546 3247 576 3297 in
592 3248 735 3310 scribonio,
748 3264 812 3314 quae
825 3250 855 3301 iu
867 3249 990 3303 Cicerone
1001 3251 1122 3317 displice-

199 3320 242 3371 bat
292 3318 298 3329 '
343 3316 363 3368 i.
408 3334 409 3339 ¹

235 3386 354 3443 lueouo.
373 3383 546 3437 illiberaliter.
583 3383 645 3435 Att.
658 3384 695 3436 ix.
707 3387 748 3437 12.
766 3402 784 3438 e
795 3401 848 3456 quo
859 3388 1039 3455 impurissime
1051 3390 1124 3442 bueo

200 3460 292 3508 nostra
303 3455 409 3506 fortune
421 3453 551 3520 despectu
562 3459 614 3505 est.

235 3523 278 3575 lu.
297 3539 357 3574 oum
368 3538 420 3574 ooo.
431 3538 482 3588 pro
493 3522 544 3574 abl.
565 3523 648 3574 Ascli.
664 3525 690 3573 5.
704 3524 815 3576 lituram
827 3525 858 3578 iu
868 3540 964 3577 nomeu
976 3525 1010 3575 A.
1020 3525 1122 3580 Licinii

200 3591 309 3644 ridetis.
331 3591 409 3644 Rosa.
426 3589 459 3643 C.
473 3593 515 3643 17.
540 3591 572 3643 iu
588 3590 723 3658 judicium
741 3594 854 3648 babere.
890 3595 986 3652 Quuu.
1004 3597 1030 3646 b.
1043 3597 1124 3665 stibi
