2567 4209
470 314 724 396 narrurruuis.
1011 338 1072 397 1⁶9

149 486 288 543 minicium
309 504 393 554 geram
406 493 442 540 est
466 487 536 553 apud
559 486 688 539 Hirtium
710 484 744 537 B.
758 482 795 537 A.
809 489 852 539 47.
879 486 947 553 quod
965 483 1077 556 msaadit

145 565 242 612 contra
254 557 416 623 Scbqfferum
428 556 638 622 Oudendorpius.
673 600 679 609 .

186 628 344 687 Dmraroa,
363 628 533 693 magistratus
542 626 713 694 municipalis
722 626 857 694 comenia
868 626 1014 693 municipio
1023 626 1078 679 La

150 698 258 750 saumae.
295 699 412 751 1111110.

185 767 325 830 Drcrsrs,
345 774 406 820 suat
418 768 506 826 tbeses,
517 771 667 834 praecepta,
689 765 797 825 decreta,
817 780 882 832 prae
905 765 1077 831 armgistris

146 837 216 889 arar
228 839 342 905 alicujus
365 837 501 902 discipulis
525 835 662 887 scribendo
684 835 875 896 traducturus
898 836 931 887 ab
955 836 989 887 iis
1014 837 1078 888 edis·

150 913 251 959 camur.
288 907 327 960 Et
344 907 470 973 quoniam
488 906 639 974 hujusmodi
659 904 757 956 dictata
780 920 834 956 aaa
856 905 918 956 adeo
936 906 1017 957 saleru
1033 913 1079 958 aut

146 977 239 1029 deberu
253 994 307 1030 esse
319 983 395 1029 acuta
407 983 431 1028 et
451 976 566 1035 subtilia,
579 976 610 1026 irs
621 975 656 1026 iis
675 975 842 1039 acquiescere,
862 974 897 1046 iis
908 975 958 1034 uti,
970 975 1000 1025 ia
1018 990 1079 1027 cors·

149 1053 232 1098 seraa
243 1048 362 1099 babetur.
371 1047 408 1103 Q.
418 1045 463 1098 Fr.
474 1046 514 1098 iii.
527 1050 550 1097 1.
559 1061 584 1097 e.
593 1050 619 1095 4.
629 1059 720 1096 meam
729 1045 757 1096 in
770 1045 846 1095 illum
858 1044 1007 1096 orationem
1020 1060 1077 1098 om·

150 1132 198 1168 nes
207 1118 284 1184 paeri
295 1122 433 1184 tamquam
441 1116 536 1168 dictata
544 1114 678 1168 ediscunt.
692 1114 773 1166 'l'nsa
784 1113 813 1165 ii.
829 1118 869 1165 11.
882 1114 1078 1167 versnsadmis·

148 1191 204 1247 cet,
219 1188 295 1256 quasi
314 1187 417 1245 dictata,
429 1187 506 1239 nullo
525 1184 638 1245 dilectu,
652 1186 726 1236 nulla
737 1183 882 1251 elegantia.
924 1182 991 1236 Nat.
1005 1183 1039 1235 D.
1053 1184 1071 1235 i.

149 1258 193 1309 26.
213 1258 266 1308 isto
284 1257 356 1310 enim
377 1257 481 1309 asabis
494 1261 633 1324 tamquam
658 1254 754 1306 dictam
777 1252 934 1305 redduntur.
972 1253 1032 1306 Fin.
1046 1254 1077 1306 ii.

148 1329 192 1379 26.
212 1333 278 1378 eutr.
290 1330 312 1379 si
326 1328 426 1390 longus,
438 1328 517 1386 levis,
531 1327 553 1376 si
565 1324 663 1394 gravis,
676 1323 777 1376 brevis.
805 1321 882 1374 Haec
895 1327 958 1375 sunt
970 1322 1075 1375 dictata.

150 1396 215 1448 ibid.
230 1398 268 1448 iv.
282 1402 305 1448 4.
326 1397 355 1448 de
368 1395 555 1462 Peripateticis
567 1393 709 1446 disserendi
721 1392 789 1444 artis
806 1391 918 1457 peritis:
937 1408 1006 1460 qnae
1018 1394 1077 1462 qui·

146 1463 213 1516 dem
226 1480 269 1516 res
282 1465 372 1525 efficit,
384 1481 420 1517 ne
436 1468 473 1516 sit
483 1479 604 1523 necesse,
618 1462 653 1514 de
671 1462 767 1515 iisdem
779 1462 859 1513 rebus
873 1476 981 1527 semper
1000 1465 1076 1530 quasi

150 1532 468 1592 dictatadecantaremeo
478 1548 593 1601 unquam
602 1549 618 1585 a
627 1532 855 1584 commentariolis
863 1532 918 1586 suis
926 1530 1075 1586 discedere.

186 1601 299 1663 Drauso,
319 1603 413 1663 aratia,
433 1602 595 1654 declamatio.
630 1601 679 1654 Or.
693 1604 712 1653 i.
726 1603 767 1653 15.
795 1600 906 1652 dictimse
927 1603 1075 1668 explicare.

153 1668 211 1724 lnr.
225 1673 243 1723 i.
257 1673 282 1723 5.
310 1672 420 1723 dictione
442 1670 612 1740 persuadere.
649 1670 697 1722 Or.
711 1672 730 1723 i.
744 1674 787 1723 33.
812 1670 937 1721 dictiones
959 1672 1075 1724 subitae.

151 1741 232 1794 Tusa.
247 1741 276 1794 ii.
290 1744 317 1793 3.
337 1739 446 1793 6666566
457 1756 569 1809 operam
581 1740 655 1792 dare.
691 1739 707 1772 ’¹‘
719 1740 767 1808 Or.
778 1741 796 1790 i.
810 1742 835 1791 6.
853 1738 998 1799 dictiones,
1015 1748 1076 1794 aera

147 1826 248 1932 &ebsecro
259 1810 370 1863 dicendi.
389 1810 404 1843 *
417 1811 563 1862 oraculum.
590 1808 712 1862 Herenn.
721 1810 750 1861 ii.
762 1811 806 1861 26.
824 1816 934 1878 epotta.
943 1826 969 1861 a.
978 1808 1075 1877 Caper.

193 1897 214 1932 s.
227 1880 270 1932 iii.
285 1886 309 1933 7.

187 1950 312 2011 Dianam,
330 1946 687 2016 dicteriumsacetedictum,
705 1947 878 2001 orabilis.
897 1949 1033 2002 abietinas
1044 1965 1076 2003 ea

153 2017 246 2071 Ertaia
267 2021 410 2072 laudatur:
436 2022 534 2072 bonum
546 2018 660 2079 dictum,
670 2034 708 2070 urs
719 2020 770 2071 loa
780 2024 845 2070 mot.
881 2018 988 2072 *Brut
1004 2023 1043 2072 18.
1061 2037 1075 2074 e

151 2086 231 2141 nisio
243 2089 331 2141 Aadr.
341 2090 404 2142 dicti
415 2089 566 2143 studiosus:
587 2090 604 2141 i.
618 2104 644 2140 e.
663 2089 830 2155 eloqueretiae.

170 2158 307 2220 -Dmuan,
325 2160 469 2225 divulgare,
490 2159 627 2227 dissipare.
663 2157 738 2211 Goel.
754 2162 795 2211 16.
821 2175 834 2209 e
852 2156 984 2211 Caecilio:
1002 2158 1074 2213 Dide

146 2242 182 2280 oc
194 2228 301 2291 dissice,
314 2246 365 2298 per
375 2246 420 2282 me
430 2230 538 2283 iicebit.
575 2229 603 2281 Si
616 2230 717 2298 egebis,
731 2236 786 2281 etc.
826 2227 990 2282 Vocabulum
1003 2232 1074 2282 auti

151 2297 285 2362 quioribus
294 2300 386 2366 poitis,
399 2300 527 2367 inprimis
543 2297 676 2359 lucretia,
689 2298 901 2358 amararum,
914 2300 944 2350 ia
956 2299 1006 2365 qua
1018 2316 1074 2352 cor·

150 2367 538 2437 rumpendofrequeatespieere
551 2369 669 2420 librarii.
678 2384 707 2421 v.
720 2366 858 2420 Drakem.
868 2369 902 2419 ad
913 2368 963 2420 Sil.
977 2368 1072 2424 Itali

153 2438 211 2488 166.
230 2439 484 2504 etquosiliiaudat.
672 2495 677 2502 .

185 2505 341 2558 Drnaoaan.
371 2507 419 2559 Or.
434 2508 473 2559 iii.
487 2509 512 2558 6.
531 2507 618 2558 oratio
630 2510 673 2558 est
682 2504 784 2556 diducta
795 2504 861 2555 rivis
873 2520 924 2557 non
938 2506 1071 2561 sontibus:
1109 2517 1114 2524 ’

150 2576 178 2624 b.
192 2590 218 2625 e.
231 2577 280 2626 etsi
291 2577 321 2626 iu
329 2576 437 2626 diuersis
448 2576 525 2626 rebus
537 2581 656 2625 versatur
668 2572 761 2632 aratio,
771 2579 795 2623 et
806 2573 914 2623 diversis
927 2575 988 2625 locis
999 2577 1073 2629 adbi-

151 2645 234 2702 betur,
248 2650 335 2694 tamea
344 2658 394 2708 per
404 2660 430 2694 se
439 2643 527 2694 eadem
535 2648 571 2693 est
583 2641 738 2707 eloquentia.
748 2640 811 2692 ibid.
824 2644 868 2692 43.
888 2644 987 2694 vastius
999 2645 1072 2697 didu-

152 2725 208 2761 cere
218 2714 305 2763 verba
317 2731 324 2761 x
344 2710 420 2775 idfit,
433 2726 492 2762 cursa
504 2711 599 2762 ultima
610 2719 634 2762 et
650 2710 743 2776 prima
754 2710 868 2761 duarum
884 2727 975 2764 vocum
995 2714 1073 2767 litera

151 2794 206 2829 aaa
218 2785 308 2831 cocart
325 2785 459 2844 tamquam
478 2780 508 2831 ia
526 2795 611 2830 anum
629 2781 757 2831 uerbum:
775 2796 799 2830 υ.
813 2795 834 2830 c.
848 2796 945 2844 magna
960 2784 1071 2845 ubertas,

151 2854 249 2912 anigno
277 2848 374 2913 utique.
422 2848 507 2901 *lna
534 2849 562 2900 ii.
587 2852 630 2900 36.
668 2849 771 2900 animus
795 2849 922 2916 diductus
935 2855 1070 2906 varietate

151 2931 242 2970 serum
255 2922 285 2970 et
297 2917 512 2970 dissimilitudine
522 2917 679 2970 distractus.
914 2920 916 2922 ’

186 2985 254 3040 Dius
272 2988 370 3039 dicitur
385 3002 458 3054 saepe
478 2994 502 3038 et
521 2989 603 3039 uariis
615 2988 699 3039 modis
710 2987 739 3038 de
751 2987 791 3039 dic
803 2994 871 3039 certo
884 2995 907 3041 et
925 2987 1070 3053 constituto,

151 3063 181 3107 ut
192 3057 222 3109 de
234 3074 271 3116 eo,
293 3057 339 3123 qui
355 3057 461 3121 agendis
483 3058 566 3108 causis
578 3058 608 3109 ia
622 3055 691 3123 soro
709 3058 791 3109 dictus
811 3063 856 3109 est.
893 3056 971 3111 Verr.
985 3061 1013 3110 ii.
1029 3064 1070 3113 15.

151 3127 220 3178 diem
231 3126 322 3179 differt
335 3126 401 3179 dicis
410 3128 545 3180 omnibus.
565 3127 691 3193 inprimis
703 3128 731 3178 de
744 3127 940 3180 dissolutionis.
977 3128 1071 3184 Plano.

151 3199 194 3248 26.
213 3213 275 3249 cnm
296 3199 423 3266 cujusque
442 3197 495 3248 dics
507 3198 622 3249 venerit.
636 3197 671 3248 cl'.
684 3196 717 3248 ad
730 3198 792 3248 Ast.
805 3199 862 3250 xvi.
878 3200 918 3248 15.
955 3198 1036 3251 Tusc-
1050 3203 1069 3253 1.

149 3268 194 3317 39.
210 3268 287 3318 nulla
310 3266 350 3317 die
371 3265 538 3337 (Solutioais)
558 3269 731 3333 praestituta.
767 3265 863 3323 Quint.
885 3270 928 3319 23.
955 3270 1070 3323 nominis

151 3335 221 3387 diem
233 3337 342 3403 petivit.
378 3337 440 3387 Att.
453 3336 510 3388 viii.
525 3339 565 3387 10.
585 3336 637 3387 dies
647 3336 766 3389 nondum
778 3341 830 3388 est.
866 3337 928 3390 Att.
940 3353 967 3389 x.
980 3341 1006 3388 5.
1016 3338 1070 3391 dies

151 3408 283 3472 peccuniae
307 3404 346 3457 ld.
366 3404 500 3458 Novemb.
522 3406 555 3458 ad
577 3405 639 3457 Div.
653 3408 700 3457 vii.
713 3410 757 3457 23.
783 3406 950 3459 dissemina:
969 3408 1071 3461 estdies

151 3473 296 3533 solutionis,
315 3482 434 3539 quaeest,
449 3481 536 3527 eaacto
548 3491 617 3544 carso
634 3490 696 3526 seno.
714 3475 769 3527 vid.
782 3474 887 3526 Manui.
900 3477 934 3526 ad
951 3479 978 3528 b.
991 3478 1009 3528 l.
1023 3479 1070 3531 uli

150 3549 176 3595 et
187 3543 216 3593 de
228 3543 268 3594 die
280 3544 352 3594 birsa
363 3550 386 3595 et
397 3545 479 3596 trima
491 3545 589 3609 agitur.
626 3543 693 3596 Her.
707 3545 725 3597 i.
741 3550 781 3595 14.
800 3545 853 3595 dies
863 3552 1036 3607 commeatus.
1048 3550 1067 3603 i.

151 3626 204 3681 quo
215 3612 291 3663 acaia
309 3614 560 3680 absentiaepluitur.
605 3613 623 3647 '¹‘
636 3615 699 3666 Ast.
712 3617 731 3667 i.
746 3617 788 3665 16.
815 3619 886 3669 extr.
907 3615 999 3670 Tullia
1016 3618 1068 3671 tibi

190 3699 300 3756 annua,
320 3701 388 3742 ron.
410 3704 431 3741 1.
635 3688 672 3741 15
730 3723 732 3726 .
