2567 4209
372 283 494 343 130
1174 273 1410 327 mnssx

435 434 709 487 Coum-A.
781 432 906 483 Att.
933 432 1044 483 xvi.
1072 431 1122 481 6.
1174 429 1325 481 navis
1366 428 1627 488 oneraria,
1662 435 1723 481 ut
1755 429 1864 494 ipse
1891 430 2071 481 stat-im
2090 437 2206 495 post

365 504 608 570 appellat.
682 500 891 552 Nomen
915 502 1065 551 habet
1089 515 1122 550 a
1146 500 1311 557 corbe,
1340 513 1496 564 quam
1520 499 1579 549 in
1601 500 1740 550 malo
1759 514 1962 550 summo
1981 500 2209 552 solebant

366 573 629 625 interdum
652 570 952 635 suspendere
977 571 1090 620 loco
1124 569 1284 632 signi,
1328 575 1387 618 ut
1424 575 1607 619 auctor
1644 575 1715 618 est
1757 568 1956 619 Festus.
2032 568 2208 634 Hujus

362 642 572 706 generis
595 641 755 691 etiam
778 640 973 691 mentio
998 639 1138 704 apud
1158 637 1431 689 Lucilium
1456 644 1503 688 et
1538 636 1815 689 Plautum.
1846 654 1893 688 v.
1931 636 2121 703 Scltqff.
2147 640 2205 690 de

364 728 424 764 re
454 710 592 762 Nav.
659 748 672 759 .
702 712 816 760 178.

435 724 687 832 Coamgr.
759 778 914 829 Orat.
941 780 1026 828 57.
1063 777 1391 829 Aristoteles
1428 780 1615 828 autem
1659 778 1971 827 trochaeum
1998 780 2086 844 qui
2115 782 2203 828 est

366 849 558 902 eodem
584 850 760 914 spatio
785 863 887 914 quo
912 849 1152 903 choreus,
1173 847 1440 897 cordacem
1465 847 1726 912 appellat:
1754 846 1881 913 quia
1905 847 2203 898 contractio

367 925 428 971 et
457 918 691 969 brevitas
715 917 1038 985 dignitatem
1078 931 1182 967 non
1219 916 1437 966 habeat.
1512 915 1818 966 Trochaeus
1844 916 1896 965 Ιι..
1925 916 1961 965 l.
1987 922 2042 965 ut
2068 916 2209 980 apud

369 987 788 1048 Quinctilianum
830 986 1030 1050 passi-m
1076 992 1147 1036 est
1199 985 1334 1035 idem
1375 1000 1483 1049 pes,
1513 985 1603 1049 qui
1648 986 1953 1050 tribrachys
1994 984 2202 1035 dicitur.

366 1056 528 1109 Hunc
552 1056 722 1120 igitur
739 1055 938 1120 pedem,
954 1060 1013 1105 ut
1031 1054 1343 1111 molliorem,
1367 1055 1713 1123 κοςὸακαωντεςεν
1749 1054 2025 1117 appellavit
2050 1052 2208 1104 Aris-

366 1127 572 1178 toteles.-
607 1126 740 1176 unde
779 1122 1047 1174 Meursius
1088 1124 1148 1173 in
1188 1121 1483 1178 Orchestra,
1515 1124 1570 1170 in
1605 1125 1777 1191 κιςδαξ,
1818 1124 2013 1173 volebat
2050 1123 2209 1174 hicet

367 1210 453 1261 ap.
481 1195 708 1254 Quintil.
736 1194 810 1244 ioe.
838 1198 887 1243 4.
925 1193 1029 1256 legi
1053 1192 1407 1244 coi-dacicum.
1446 1191 1503 1241 de
1529 1206 1627 1254 quo
1652 1192 1753 1239 vsa.
1833 1191 1992 1242 Viros
2038 1192 2209 1245 doctos

367 1265 434 1316 ad
457 1263 683 1323 Quintil.
711 1264 746 1313 l.
767 1278 811 1313 c.
849 1260 1090 1313 Ceterum
1111 1262 1168 1312 de
1187 1260 1429 1317 cordace,
1451 1259 1721 1309 saltatione
1747 1262 1997 1319 molliore,
2018 1261 2209 1314 lasciva

367 1340 417 1386 et
440 1332 653 1391 comica,
680 1333 739 1383 in
779 1347 880 1396 qua
918 1331 1192 1382 celerrima
1231 1330 1466 1395 corporis
1484 1329 1772 1394 pedumque
1798 1331 2014 1393 agitatio
2038 1331 2206 1381 domi-

367 1409 546 1460 natur,
573 1418 621 1453 υ.
652 1400 852 1453 Meurs.
880 1401 914 1452 l.
943 1416 988 1454 c.
1610 1455 1613 1459 ,

436 1470 677 1523 ΟοηΝικ.
754 1470 895 1521 Mur.
929 1474 1010 1521 11.
1050 1469 1228 1521 Flacc.
1267 1472 1355 1521 20.
1396 1467 1667 1519 corn-icum
1706 1468 1885 1519 oculos
1926 1468 2208 1538 configere.

368 1547 457 1609 est,
483 1546 693 1591 acutum
716 1546 763 1591 et
788 1540 1033 1591 callidum
1056 1540 1303 1604 decipere.

436 1610 870 1670 Conmmnmn,
919 1615 991 1660 est
1033 1610 1250 1674 proprie
1292 1609 1445 1667 idem,
1490 1607 1625 1672 quod
1668 1609 1886 1659 corolla.
1959 1606 2206 1660 Con-ollae

367 1686 542 1732 autem
562 1679 770 1743 fiebant
793 1695 900 1730 non
922 1679 1091 1729 solum
1129 1695 1154 1729 e
1177 1678 1414 1746 floribus
1453 1684 1499 1728 ct
1528 1674 1836 1742 frondibus,
1874 1678 1959 1728 sed
1998 1679 2155 1729 etiam
2180 1694 2227 1739 ο,

368 1750 584 1801 laminis
607 1749 844 1799 tenuibus
883 1748 1072 1807 aeneis,
1113 1763 1239 1812 quae
1280 1763 1413 1798 auro
1459 1753 1769 1810 argentoque
1820 1747 2205 1807 inducebantur,

368 1819 505 1883 quod
521 1834 685 1883 genus
705 1817 905 1883 passim
928 1818 988 1869 in
1011 1818 1240 1881 antiquis
1264 1816 1614 1867 monumentis
1640 1816 1882 1874 occurrit,
1904 1831 2209 1881 suspensum

368 1887 427 1939 de
452 1888 596 1938 collis
637 1887 933 1939 homi'num.
977 1886 1080 1937 vid.
1107 1902 1156 1937 v.
1183 1902 1226 1935 c.
1272 1885 1641 1951 cistophorum
1665 1885 1818 1937 illum
1847 1884 2095 1937 Bellonae
2120 1901 2207 1951 ap.

371 1954 596 2007 Gorium
622 1956 683 2007 in
707 1955 953 2020 Inscript.
981 1954 1265 2014 Donianis,
1285 1956 1394 2006 loco
1414 1970 1569 2020 supra
1589 1954 1647 2004 in
1672 1952 2009 2019 cistophorus
2034 1956 2206 2006 citato.

368 2023 568 2075 Eodem
592 2026 744 2076 modo
783 2031 956 2075 autem
994 2024 1357 2074 describuntur
1402 2023 1685 2075 corollaria
1722 2039 1806 2089 ap.
1834 2022 1985 2075 Plin.
2025 2023 2099 2076 H.
2128 2022 2205 2075 N.

367 2094 481 2156 mxi.
505 2096 558 2145 2.
629 2093 924 2145 Corollaria
947 2110 972 2144 e
997 2092 1198 2143 lamina
1221 2108 1373 2144 aerea
1397 2093 1541 2144 tenui
1559 2094 1805 2143 inaurata
1821 2100 1909 2143 aut
1935 2100 2209 2157 argentata

367 2162 644 2213 dabantur.
719 2162 1040 2228 Hujusmodi
1080 2163 1301 2214 corollae
1338 2162 1625 2214 metallicae
1650 2163 1909 2213 dabantur
1931 2163 2205 2215 histrioni-

367 2232 462 2282 bus
485 2231 545 2281 in
568 2246 732 2291 scena,
759 2233 808 2283 si
841 2232 1163 2297 placuerant,
1208 2237 1329 2283 teste
1375 2231 1433 2284 V
1427 2248 1538 2283 arr.
1566 2229 1631 2281 L.
1658 2230 1727 2282 L.
1756 2233 1829 2283 iv,
1858 2234 1936 2283 16.
1977 2230 2046 2299 cf.
2073 2231 2210 2283 Pas-

367 2300 502 2351 chal.
529 2300 586 2350 de
611 2299 805 2351 Coron.
824 2303 863 2352 i.
893 2306 941 2352 7.
1015 2298 1187 2365 Atque
1206 2301 1344 2351 idem
1362 2300 1649 2366 praemiali
1679 2317 1843 2363 genus
1867 2304 2207 2354 corollarium

367 2368 578 2420 dicitur.
655 2369 806 2422 Verr.
837 2370 916 2421 iii.
945 2372 1027 2421 79.
1088 2369 1156 2421 de
1203 2370 1498 2421 corollariis
1557 2370 1877 2421 scenicorum
1934 2370 2213 2425 decuriam

367 2442 598 2490 emerat.
638 2436 708 2505 cf.
748 2438 959 2491 Sueton.
1002 2437 1149 2503 Aug.
1177 2442 1259 2489 45.
1315 2446 1364 2490 et
1400 2438 1478 2490 ibi
1517 2437 1644 2489 Intt.
1717 2438 2002 2491 Dabantur
2048 2442 2208 2492 etiam

368 2508 750 2558 acroamatibus
775 2509 834 2559 in
858 2509 1123 2567 conviviis,
1152 2524 1268 2559 cum
1291 2509 1658 2573 proba-rentur.
1711 2508 1866 2560 Verr.
1897 2512 1967 2576 iv,
1986 2512 2071 2560 22.
2100 2511 2204 2570 hie,

406 2577 518 2628 uasi
545 2577 798 2629 festivum
824 2594 1091 2636 acroama,
1122 2594 1188 2628 ne
1228 2581 1342 2631 sine
1368 2578 1647 2628 corollario
1671 2577 1739 2629 de
1764 2581 2011 2630 convivio
2038 2580 2233 2630 disee-'

407 2649 542 2703 eret,
565 2647 785 2708 ibidem,
813 2650 1048 2699 convivis
1077 2648 1518 2712 inspectantibus,
1547 2648 1878 2699 emblemata
1925 2648 2209 2701 avellenda

368 2716 598 2765 curavit.
682 2715 784 2766 Sed
829 2733 946 2766 cum
971 2717 1186 2767 lionoris
1221 2732 1377 2766 causa
1416 2722 1567 2767 antea
1590 2722 1794 2767 tantum
1818 2734 1965 2769 verae
1990 2719 2206 2769 corollae

367 2782 637 2842 darentur,
660 2791 836 2849 postea
855 2785 1078 2850 pecunia
1102 2792 1190 2835 aut
1215 2785 1350 2835 aliae
1368 2802 1450 2836 res
1471 2785 1634 2849 pret-ii
1674 2786 1894 2851 alicujus
1917 2787 2174 2839 dabantur
2188 2806 2205 2836 .-

367 2851 512 2917 cujus
535 2853 617 2903 rei
639 2855 778 2905 testis
802 2861 874 2904 est
898 2856 1035 2905 locus
1061 2855 1119 2905 in
1149 2853 1206 2905 V
1202 2870 1307 2905 err.
1335 2855 1419 2905 iii.
1441 2858 1523 2905 79.
1550 2861 1594 2904 et
1621 2854 1898 2907 Suetonius
1922 2858 1959 2907 l.
1977 2872 2021 2907 c..
2080 2856 2208 2908 Jam

367 2922 490 2986 quia
512 2929 720 2986 praeter
760 2924 1087 2974 constitutam
1113 2931 1407 2988 rectamque
1449 2925 1731 2975 mercedem
1758 2926 1879 2975 haec
1912 2926 2209 2990 praemiola

365 2990 638 3049 dabantur,
666 2994 1006 3046 corollarium
1048 2993 1226 3043 deinde
1252 2993 1448 3043 dictum
1472 3000 1541 3043 est
1564 3009 1663 3058 pro
1690 2995 1945 3045 auctario.
2020 2994 2110 3045 Sic
2136 3000 2210 3050 est

368 3058 526 3111 Verr.
556 3062 631 3111 iii.
658 3065 743 3111 20.
784 3063 1123 3112 corollarium
1149 3076 1428 3113 numerum
1453 3082 1463 3111 ε
1513 3068 1571 3113 ut
1608 3071 1750 3114 esset
1795 3063 1932 3113 unde
1959 3064 2203 3129 Apronio

367 3129 432 3180 ad
460 3131 578 3180 illos
605 3130 813 3183 fructus
839 3133 1137 3183 arationum
1165 3134 1262 3183 hoc
1289 3133 1627 3183 corollarium
1651 3147 1932 3183 numorum
1976 3131 2204 3184 addere-

366 3202 473 3248 tur.
927 3223 931 3227 ·

438 3269 687 3317 [annm.
767 3269 919 3319 ἐἰ-ιτ,
947 3289 991 3317 ν.
1027 3275 1101 3321 11.
1144 3270 1258 3336 ipse
1287 3274 1473 3322 autem
1498 3286 1740 3322 coronam
1767 3285 1926 3322 unam
1965 3272 2203 3323 habebat

366 3341 418 3387 in
444 3341 643 3401 vapjtv.
671 3341 899 3389 almvm
935 3357 979 3385 a
1015 3339 1158 3390 rollo.
1233 3342 1355 3391 Att.
1387 3341 1497 3391 xiv.
1531 3343 1610 3390 16.
1667 3339 1867 3391 Brutus
1910 3344 2093 3392 noster
2118 3344 2213 3394 vel

366 3425 606 3453 ros-missin
655 3425 739 3457 -·.·.·
759 3429 867 3457 sam
911 3409 983 3473 [Ιι.
1015 3425 1063 3457 r..
1092 3409 1492 3479 triumphalem)
1511 3425 1613 3476 per
1638 3408 1805 3461 sorum
1835 3410 1975 3461 ferre
2004 3414 2201 3476 posset.

366 3477 643 3525 &restauravit
675 3497 839 3525 stre-*swas
867 3501 875 3517 a
911 3481 1061 3529 fliam:
1078 3479 1301 3526 mortuis
1323 3479 1606 3544 impositae.
1626 3495 1673 3528 v.
1715 3478 1894 3530 Flacc.
1914 3483 1997 3531 31.
2020 3478 2212 3534 Esictm

366 3541 498 3613 Lug,
526 3545 578 3593 ii.
610 3551 691 3597 2¹4.
731 3549 1051 3609 3·÷⁴t÷,1fs.fttf·.·'‘*·r,
1076 3561 1145 3599 ne
1170 3546 1353 3614 longae
1379 3563 1594 3600 coronae
1620 3562 1687 3604 ne
1724 3565 1943 3606 acerrae
1978 3551 2213 3603 mortui&

2525 1699 2556 1782 ‘.·.-
2525 1513 2556 1646 .·.-:³:3-
