2567 4209
506 262 756 316 termissus.
1026 273 1087 332 ms

205 417 348 471 Broussro.
384 417 477 469 Rabir.
488 418 561 471 Post.
577 416 617 469 Π.
648 426 738 471 utrum
756 421 934 473 accessionem
955 425 1086 487 pecuniae

162 505 205 541 sm
218 488 386 539 decessionem
397 488 430 538 de
444 504 547 539 summa
559 489 664 544 l'eeerit.
678 492 715 540 ib.
729 489 895 540 decessionem
914 492 988 542 mille
1001 494 1088 544 tolen-

172 564 231 609 tum
251 574 310 609 esse
330 557 439 608 iactam.
475 557 555 609 Tuse.
569 563 587 608 i.
601 560 642 608 46.
662 557 770 608 decessio
791 560 925 617 bonorum,
946 562 1088 624 apponitur

172 628 287 680 euruulo.
301 627 326 676 d.
344 642 365 676 e.
389 626 536 676 accessioni.
556 628 667 677 *eonas
681 628 709 676 de
728 627 865 689 prouincia-
877 642 935 677 ram
948 629 1088 692 magistra-

172 702 255 755 tuum,
266 701 322 745 tum
327 695 503 760 privatorum.
518 695 570 751 Qu.
582 694 626 746 Fr.
637 698 683 745 i.l.
693 700 745 746 ol.
755 712 829 761 spem
839 703 959 747 maturae
969 698 1088 749 decessio-

171 764 214 815 nis
225 764 330 815 afferre.
344 765 377 814 ad
389 763 451 814 Dis.
465 765 501 814 iv.
513 769 552 816 to.
572 766 600 815 de
610 764 737 815 Marcello
749 767 869 829 priuata:
887 768 1039 819 subvereor.
1054 783 1088 818 ue

172 838 201 884 te
214 832 334 883 delectet
349 831 426 883 tarda
437 833 553 884 decessio.
598 833 660 884 Ast.
675 836 721 885 vii.
730 837 757 883 3.
776 834 802 886 iu
815 834 874 899 ipsa
883 834 1025 886 decessione
1037 840 1089 904 sig·

171 901 299 958 micavit,
313 917 434 966 sperasse
448 917 476 952 se
494 902 604 969 aliquid.

207 970 350 1028 Ducussus,
369 969 454 1020 alitem
466 970 649 1035 deprooincia.
662 969 695 1020 ad
709 970 770 1021 Div.
784 972 842 1021 viii.
858 974 898 1021 10.
918 972 988 1039 quod
1001 973 1033 1023 ad
1043 973 1089 1024 de-

172 1054 278 1091 cessum
290 1041 366 1088 tuum
378 1041 490 1089 attinet.
533 1037 603 1092 Phil.
617 1038 646 1089 ii.
658 1042 701 1090 38.
719 1039 802 1091 Creta
822 1039 935 1106 post'lll.
948 1041 1027 1093 Bruti
1048 1043 1090 1093 de·

173 1122 273 1158 cessam
284 1109 374 1172 potuit
388 1108 509 1159 liberari.

208 1175 363 1226 Decmsru.
403 1175 479 1228 Vers.
493 1179 528 1227 iv.
541 1178 584 1228 45.
603 1176 716 1227 decidere
729 1179 757 1228 iu
770 1174 902 1230 fraudem.
917 1181 936 1230 i.
949 1175 1090 1244 eJacinas

171 1249 290 1310 patrare.

208 1313 364 1372 Deseruere,
381 1313 487 1377 pacisci,
501 1314 655 1378 transigere.
692 1314 786 1370 Quint.
800 1320 825 1365 4.
845 1331 895 1381 per
913 1319 942 1367 te
954 1315 1046 1366 tendit
1058 1315 1089 1367 P.

175 1382 311 1439 Quintius,
324 1382 393 1448 quod
414 1382 583 1436 dissolveret.
596 1385 631 1435 ef.
652 1384 729 1435 Rose.
751 1387 843 1436 Amor.
859 1387 902 1436 39.
922 1384 1000 1436 Rosa.
1013 1383 1089 1436 Com.

177 1455 219 1502 ll.
239 1450 317 1501 Verr.
331 1452 360 1501 ii.
373 1455 416 1501 32.
426 1457 481 1503 otc.
501 1452 583 1504 Gran.
596 1452 658 1503 Ois.
669 1453 699 1502 ii.
713 1455 738 1503 6.
965 1497 967 1502 .

212 1520 364 1570 Dsureenu.
401 1520 479 1571 Rose.
494 1522 555 1573 Am.
569 1523 610 1571 40.
638 1521 773 1579 iuducere,
786 1522 908 1585 decipere,
930 1521 1090 1574 destituere.

177 1587 251 1641 Haec
262 1588 316 1637 tria
335 1588 373 1640 ita
392 1588 534 1654 differmt:
555 1590 681 1642 inducere
694 1596 730 1639 est
741 1587 840 1655 saltere
853 1591 960 1641 consilio
972 1592 1054 1641 dendo
1067 1597 1092 1641 et

175 1658 211 1708 ad
229 1672 287 1707 rem
298 1656 414 1720 aliquam
427 1656 581 1723 faciendam
602 1659 773 1723 impellendo.-
791 1658 941 1710 destituere
957 1660 1092 1710 deserendo

177 1742 245 1785 eane,
256 1725 308 1789 qai,
319 1726 381 1789 quia
390 1728 551 1790 promiseras
563 1736 608 1778 aar
615 1728 726 1784 debebas,
737 1743 753 1776 a
761 1734 784 1777 te
794 1728 893 1791 ottqmd
900 1728 997 1777 ausilii
1005 1743 1092 1792 arpeo-

177 1796 264 1846 taiat:
282 1793 409 1860 decipere
421 1797 537 1860 dentata,
551 1799 597 1847 siti
616 1795 739 1846 utilitatis
751 1796 832 1860 specie
844 1796 963 1845 nocendo.
973 1795 1014 1845 ‘ad
1029 1796 1090 1846 Div.

177 1880 205 1915 v.
220 1867 260 1914 to.
278 1879 312 1914 ea
332 1864 486 1929 impendero
507 1866 682 1932 reipublicae,
697 1879 765 1930 quae
785 1865 830 1932 qui
853 1865 1004 1930 reliquerit.
1019 1865 1092 1915 nullo

179 1932 258 1984 moda
277 1934 342 1983 mihi
363 1934 472 2001 quidem
493 1935 607 2000 deceptus
629 1950 688 1985 esse
701 1932 840 1985 videatur:
859 1935 885 1984 h.
896 1949 921 1983 e.
934 1933 1093 1984 reilildetri·

179 1997 368 2066 nnatiseeissa,
381 2008 426 2053 eta.
1133 2011 1136 2014 '

215 2069 336 2129 Ducum,
351 2072 446 2135 pactio,
459 2073 608 2133 transactio,
624 2079 700 2137 atqae
720 2072 781 2123 adeo
797 2071 909 2122 cmtditio
922 2071 1092 2135 tramigendi.

179 2137 258 2191 Raso.
279 2138 354 2190 Com.
370 2143 409 2191 13.
438 2146 499 2207 post
518 2142 673 2194 decisionem
692 2148 824 2193 veterem.
861 2140 950 2191 Flacc.
964 2143 1007 2190 36.
1026 2141 1094 2191 deci·

179 2208 260 2258 sionis
271 2208 382 2260 arbiter.
419 2208 542 2262 Proviue.
555 2210 633 2262 Cous.
647 2215 672 2261 4.
697 2214 834 2276 pactiones
847 2209 1019 2276 pecuniarum
1031 2217 1101 2263 cum'

180 2278 308 2343 tyrannis,
321 2278 467 2328 decisiones.
477 2285 531 2331 ete.
570 2280 647 2331 Verr.
662 2282 680 2330 i.
694 2283 735 2330 54.
761 2287 843 2347 negat
854 2296 916 2331 euru
929 2279 980 2329 sibi
994 2279 1041 2329 illa
1052 2280 1094 2329 sle·

178 2346 274 2397 cisione
287 2346 442 2397 satisfacere
456 2364 540 2413 posse.
560 2347 612 2399 *de
622 2365 659 2406 eo,
669 2364 746 2413 saper
754 2361 803 2412 qao
815 2347 931 2398 convenit
942 2349 974 2396 ule
984 2354 1093 2412 atroam

175 2415 352 2479 partenium
372 2415 402 2465 in
420 2416 581 2481 disputando.
617 2416 726 2468 Caeciu.
747 2423 812 2467 ectr.
834 2422 927 2467 nostra
946 2416 1039 2467 decisio
1059 2415 1093 2488 de

177 2486 329 2534 ienitate.

214 2500 401 2608 incusemus,
421 2552 613 2603 enercitatianis
625 2552 802 2602 caasadicere.
838 2551 897 2601 Fiu.
907 2552 935 2601 ii.
945 2554 971 2601 2.
990 2551 1023 2603 ad
1032 2552 1094 2604 fluc-

182 2624 249 2674 tum.
263 2622 345 2684 ajunt,
363 2619 504 2670 declamare
517 2621 626 2671 solitum
641 2619 857 2670 Demosthenem.
876 2619 982 2669 *etiam
996 2620 1023 2669 ln
1034 2636 1096 2670 aera

184 2701 269 2734 carna.
307 2683 383 2735 Verr.
398 2687 487 2738 ivos.
515 2689 560 2754 qui
574 2704 622 2753 pro
635 2691 687 2738 isto
698 2695 792 2738 eontra
804 2703 846 2738 me
859 2688 1095 2738 vehementissime

184 2753 354 2803 declamasset.
369 2752 446 2803 Rose.
461 2756 521 2806 Am.
531 2759 573 2807 29.
586 2772 655 2822 quae
668 2758 733 2806 mihi
743 2758 813 2806 visus
821 2759 863 2807 est
870 2756 1096 2807 exaliaoratione

184 2821 335 2888 declamare,
345 2836 424 2886 quem
433 2822 459 2872 iu
472 2825 552 2886 elium
566 2840 641 2876 reum
654 2830 890 2875 commentaretur.
909 2823 969 2873 *ad
981 2824 1042 2875 Div.
1056 2825 1095 2875 iii.

187 2893 227 2940 ll.
241 2890 365 2955 tnejestas
378 2895 428 2948 est,
441 2905 475 2942 ue
489 2893 517 2942 in
528 2894 651 2959 quemvis
665 2894 772 2957 impune
784 2894 925 2943 declamare
938 2894 1043 2944 liceret.

221 2957 424 3017 Drousmsrmu
443 2962 540 3012 rdetar.
560 2962 659 3012 Ouid.
678 2960 875 3033 desternatarde
888 2958 958 3010 ludo.
994 2961 1042 3011 Or.
1056 2961 1095 3012 iii.

185 3030 227 3079 34.
247 3042 299 3078 nou
318 3042 380 3079 eum
400 3028 557 3080 declamator
575 3031 671 3098 aliquis
691 3028 725 3080 ad
744 3028 913 3096 clepsydram
933 3030 1032 3080 latrare
1051 3029 1097 3081 do·

185 3100 288 3148 suerat.

220 3165 438 3217 mossarum.
486 3165 567 3219 Tuse.
581 3168 599 3218 i.
612 3172 637 3219 4.
663 3167 858 3217 declamitabam
877 3182 978 3218 scissas.
1017 3166 1095 3219 Brut.

185 3235 228 3285 90.
247 3239 414 3285 commentor
434 3235 659 3296 declamitanssic
680 3238 751 3287 euim
772 3252 840 3287 uuue
852 3236 1003 3303 loquuntur,
1017 3251 1097 3302 saepe

187 3318 248 3354 eum
263 3302 299 3352 Μ.
314 3302 417 3362 Pisone,
427 3311 472 3355 aut
485 3319 545 3355 cum
558 3305 648 3372 aliquo
660 3305 788 3373 quotidie.

223 3369 402 3429 Deridesne,
415 3369 448 3422 ad
459 3372 518 3423 [liv.
533 3375 561 3423 ii.
570 3377 595 3424 3.
615 3374 709 3442 Rupse
727 3390 777 3424 uon
790 3372 877 3425 deluit
888 3372 1005 3424 studium
1017 3372 1098 3424 decla-

187 3438 331 3489 randorum
343 3454 490 3501 munerum,
500 3443 526 3492 h:
538 3457 562 3491 e.
569 3443 666 3507 populo
677 3443 889 3506 pollicendorma.
911 3443 1014 3493 Museo.
1027 3444 1053 3493 2.
1070 3443 1098 3493 iu

182 3504 407 3576 ludieioeousulis
420 3508 560 3576 designati,
574 3514 595 3561 is
609 3514 778 3577 potissimum
790 3509 895 3570 Consul,
907 3512 953 3578 qui
962 3512 1100 3564 consulem

187 3576 334 3636 declararit,
347 3577 373 3627 ts.
383 3594 409 3629 e.
422 3584 538 3630 erennm
549 3595 566 3629 a
574 3582 672 3646 populo
682 3580 875 3645 pronuntiauit.
