2567 4209
512 334 767 396 usnnrrnrrs.
1042 336 1102 406 lsi

185 492 236 544 'Sed
247 492 356 543 mollius
365 489 483 559 profecto
496 499 541 553 est,
550 495 617 559 quod
626 501 685 561 post
697 493 836 547 Muretum
847 502 871 547 et
883 493 1105 551 Faernumolios·

188 578 236 626 que
248 579 260 612 e
274 561 336 612 Cod.
353 561 439 613 Votis.
452 565 569 628 reposuit
581 563 731 615 Graevius:
750 566 776 615 ei
786 565 901 630 diceret.
938 565 1003 634 Leg.
1018 569 1046 618 ii.
1061 572 1102 621 10.

184 637 215 683 nt
229 647 286 699 ego,
299 632 340 682 uti
354 647 437 698 rogas.
452 633 549 698 possim
563 634 669 684 edicere.
707 635 770 685 Ain*
785 635 902 694 totidem,
918 635 1034 688 Attice?
1052 654 1104 690 ιιοιι

185 716 216 751 es
228 701 357 752 edioturus
369 703 460 753 aliter.
488 700 635 763 turrium,
647 703 801 762 Lambinus,
812 703 939 756 Davisius
951 721 1103 771 reposuere.-

185 769 288 829 direm,
308 769 445 828 dietnrus;
466 773 628 836 quodetiam
645 774 761 838 placetur
782 773 875 836 Sigan.
889 775 922 824 od
941 773 1001 826 Liu,
1014 778 1049 827 ui.
1060 781 1102 828 38.

185 840 219 889 ud
231 841 293 890 doec
305 841 403 890 eerta:
422 848 460 899 et,
474 843 514 893 nii
537 859 621 910 rogas,
640 843 743 909 primae
768 843 853 894 tribus
871 843 994 895 dicerent.
1030 845 1105 899 Meni

182 915 270 959 autem
279 924 348 959 secus
359 910 467 960 uidetur.
504 909 594 970 Ratio,
608 928 659 977 quo
672 910 800 963 Davisius
811 914 906 972 utitur,
915 914 983 977 quod
994 914 1103 968 edicere

180 993 235 1028 reon
246 979 280 1028 sit
291 978 465 1043 priuatorum,
479 981 521 1031 sed
532 983 746 1046 magistratuum,
759 982 841 1033 nihili
853 988 898 1033 est.
937 982 1052 1036 adicere
1065 991 1102 1038 est

182 1047 367 1113 pronunciare,
385 1048 452 1113 quod
462 1050 491 1099 de
511 1049 651 1115 suffragiis
664 1058 688 1101 et
708 1052 842 1102 sementiis
861 1052 983 1117 judicum
995 1054 1101 1107 dieitur.
1156 1081 1165 1090 =

180 1116 234 1167 uid.
249 1115 363 1168 Gronov.
384 1124 408 1168 et
429 1116 566 1172 Drakeno.
580 1122 613 1172 ad
636 1119 697 1172 Liu.
719 1137 783 1171 uer.
797 1124 823 1171 5.
854 1122 915 1173 init.
937 1120 1011 1175 Cart.
1032 1124 1098 1178 Sati.

185 1183 265 1235 Certa
280 1189 321 1236 48.

217 1255 366 1313 truncare.
386 1273 545 1323 cognoscere.
582 1258 645 1311 Diu.
660 1260 677 1310 i.
692 1260 937 1312 47.1nalnntenim
956 1261 1099 1327 disserere,

181 1326 249 1376 nihii
261 1341 320 1377 esse
333 1328 361 1377 in
374 1329 612 1396 {immede-quam,
623 1328 687 1396 qrrid
697 1331 742 1386 sit,
754 1330 873 1381 ediscere.

216 1393 371 1446 Enrrroros.
409 1397 501 1450 Plane.
514 1401 555 1448 15.
574 1398 675 1450 editicii
682 1397 798 1465 jndices.
810 1400 846 1450 ei'.
857 1399 963 1453 Museo.
973 1404 1016 1454 23.
1029 1410 1098 1465 mre,

181 1463 228 1526 oui
251 1464 283 1513 ab
307 1473 454 1518 oeeusatore
475 1468 595 1527 eduntur,
608 1484 671 1526 nore,
684 1483 701 1518 a
719 1475 841 1534 praetore
859 1470 990 1523 ducuntur
1013 1481 1098 1526 sorte.-

181 1531 249 1595 ouod
257 1531 287 1581 io
299 1533 547 1599 quaeausasaetum
556 1537 598 1595 sit,
611 1553 643 1588 ee
656 1538 683 1588 li.
696 1553 732 1589 ee.
747 1553 890 1602 cognosces.
903 1556 927 1591 r.
937 1541 1029 1594 edere.

218 1599 331 1651 Enrrro.
368 1602 460 1655 Plane.
472 1607 513 1655 io.
532 1605 610 1656 editio
618 1606 749 1674 judicum.
760 1623 783 1658 u.
797 1609 888 1660 edere.

198 1667 324 1789 damma
338 1671 423 1739 jadex
443 1672 536 1726 Plane.
559 1678 601 1726 17.
628 1677 751 1727 utiliori
770 1677 878 1743 quidam
895 1678 1031 1746 editicios.
1044 1684 1097 1741 uid.

180 1752 273 1791 aere.
475 1755 480 1764 ¹

217 1807 325 1860 Ειιιιιιι.
364 1809 439 1864 Sext.
453 1815 497 1865 27.
525 1814 611 1865 scelus
632 1814 712 1867 edidit
733 1817 761 1868 in
782 1832 836 1869 me.
873 1817 938 1887 Leg.
952 1823 970 1872 i.
985 1824 1025 1872 13.
1045 1824 1099 1875 rui·

179 1889 227 1928 nas
240 1878 321 1939 edere,
331 1895 391 1946 pra.
406 1879 509 1947 faeere,
522 1889 550 1934 ut
569 1884 664 1935 ruinae
671 1884 754 1950 fiant.
791 1885 850 1937 Fin.
863 1905 890 1939 r.
905 1893 928 1940 1.
948 1892 1033 1943 vitam
1046 1893 1098 1944 edi·

181 1945 274 1997 derat:
293 1951 311 1999 i.
325 1965 350 2001 e.
362 1958 482 2004 mortuus
494 1958 559 2004 erat.
590 1952 670 2005 Brut.
683 1958 709 2006 5.
727 1971 819 2023 ῳιιιιο,
832 1960 853 2009 si
868 1959 919 2010 tibi
928 1961 1097 2015 commodum

182 2019 235 2076 est,
245 2017 288 2068 ede
301 2019 358 2077 iiia,
371 2036 440 2088 quae
453 2038 589 2090 coeperas,
602 2023 691 2077 Bruto
703 2030 731 2077 et
744 2026 820 2077 mihi.
840 2026 897 2079 *iu
911 2030 989 2081 rodus
998 2029 1096 2097 soren-

176 2084 256 2137 ιιἹιιιιι
270 2088 454 2156 multiplieiter
476 2093 583 2145 dieitur.
619 2092 712 2147 Plane.
726 2097 768 2147 15.
799 2098 885 2149 tribue
904 2100 985 2160 edere,
998 2101 1096 2155 dieitur

177 2161 319 2217 aecusator,
333 2173 392 2210 eum
404 2177 436 2212 eu
446 2162 501 2227 iege
520 2163 550 2214 de
562 2163 698 2225 sodalitiis,
712 2181 775 2231 quos
786 2166 871 2218 tribus
876 2166 979 2233 judiees
991 2186 1042 2222 esse
1054 2189 1096 2224 oe·

176 2223 215 2283 iit,
229 2226 299 2291 apud
308 2235 457 2292 praetorem
471 2232 633 2300 profitetur:
651 2236 718 2286 urede
724 2235 831 2305 judiees
844 2236 959 2291 editicii.
996 2239 1093 2297 Quint.

175 2294 219 2345 21.
232 2294 365 2360 juditium
378 2298 414 2359 ia,
432 2302 503 2369 quod
515 2304 579 2364 edat,
592 2307 719 2372 accipere
733 2326 740 2356 ι
759 2307 779 2356 ι’.
792 2323 814 2357 e.
828 2308 993 2375 quodeunque
1011 2326 1095 2375 genus

176 2365 287 2415 actionis
302 2366 445 2430 intendant,
458 2388 484 2423 se
501 2380 628 2438 paratum
640 2391 701 2433 esse,
717 2376 864 2428 descendere
882 2393 942 2429 eum
954 2395 984 2430 eo
996 2381 1027 2431 iu
1039 2398 1094 2434 eer-

175 2438 271 2492 tameu‚
282 2434 310 2485 id
316 2436 414 2490 dieitur
422 2441 504 2493 edere
513 2442 654 2510 judiciuin,
668 2444 731 2507 quia
742 2445 811 2507 apud
816 2453 965 2509 praetorem
974 2465 1093 2514 pronum

176 2502 236 2561 aiot,
258 2504 325 2565 quod
342 2522 424 2568 genus
437 2510 548 2560 aetionis
559 2512 700 2568 intendere,
713 2519 737 2562 et
749 2514 816 2575 quod
821 2512 955 2576 judicium
971 2518 1022 2569 stoi
1033 2521 1093 2574 dari

175 2571 238 2620 vetit
247 2573 354 2635 petitor.
367 2575 431 2626 idid.
444 2579 487 2627 20.
513 2578 644 2645 judicium
669 2581 816 2645 acciperet,
830 2582 857 2631 in
874 2597 908 2633 ea
928 2584 986 2649 ipsa
1005 2591 1090 2648 uerbo,

175 2654 246 2757 guae
266 2637 387 2693 Naevius
400 2645 495 2695 edehat.
535 2646 611 2698 Verr.
625 2647 664 2698 iii.
678 2650 722 2698 29.
752 2655 882 2715 quantum
902 2652 1020 2705 edidisset
1039 2659 1090 2711 sibi

194 2708 292 2757 eberi:
311 2710 338 2759 ie.
351 2726 373 2760 e.
385 2710 517 2779 prffessus
535 2722 606 2766 esset.
651 2715 696 2767 Sia
721 2722 806 2769 testes
826 2718 872 2770 edi
891 2719 1015 2774 dicuutur
1036 2741 1092 2778 eae·

172 2775 291 2840 pissime,
305 2792 366 2829 erun
377 2788 510 2833 aecusator
521 2800 613 2835 eorum
623 2786 735 2837 nomina
743 2786 883 2853 profitetur
901 2792 972 2856 opeed
987 2802 1091 2858 praeto·

175 2860 242 2894 rem.
279 2844 384 2899 indices
398 2851 478 2902 etiam
489 2852 612 2904 diduntur
630 2854 721 2916 edere,
739 2855 773 2907 ad
794 2858 830 2912 Q.
843 2858 888 2910 Fr.
902 2861 931 2911 ii.
944 2865 970 2913 3.
989 2862 1089 2919 Neriur

175 2911 256 2966 index
280 2915 360 2968 edidit
382 2918 415 2971 ad
436 2922 586 2990 allegatos:
612 2926 813 2990 tatamgesagt.
857 2927 936 2981 vom.
949 2934 974 2983 6.
1000 2937 1089 3001 operis

174 2983 298 3044 ediderat,
322 2983 448 3060 (diderat)
471 3006 562 3045 meum
585 3009 693 3062 nomen.
742 2995 821 3049 Verr.
835 2998 862 3049 ii.
878 3002 920 3052 42.
950 3005 1090 3069 postulate

173 3051 255 3113 edere,
264 3054 573 3124 dicunturprouiuoiates‚
582 3079 641 3114 eum
651 3080 681 3114 eo
689 3066 723 3115 od
730 3064 853 3119 Consules
860 3066 996 3136 deferretur
1008 3074 1088 3126 item:

174 3123 201 3173 in
215 3125 358 3189 postulatis
371 3129 442 3180 edere
454 3131 565 3198 aliquid.
601 3133 699 3190 Quint.
711 3138 754 3187 24.
782 3138 883 3190 socium
905 3143 932 3192 in
952 3142 993 3194 his
1013 3145 1090 3197 bonis

174 3193 225 3244 tibi
238 3193 342 3247 edidisti
362 3197 505 3254 Quintium
520 3222 526 3252 ε
556 3204 577 3253 i.
587 3219 610 3254 e.
621 3202 754 3270 professus
765 3222 799 3257 es.
819 3206 872 3259 *de
884 3213 998 3264 oraculis
1010 3213 1091 3272 etiam

172 3261 279 3313 dieitur.
315 3265 368 3319 Off.
383 3270 463 3321 itte.
483 3269 596 3337 Pythius
609 3274 823 3341 Apoiiooroeuio
835 3278 922 3332 edidit.

130 3372 132 3376 ,
209 3330 372 3388 Enocaron.
408 3337 557 3393 Plane.33.
585 3346 644 3410 quis
657 3350 698 3396 est
720 3350 840 3399 nostrum
862 3349 1013 3404 liberaliter
1024 3351 1089 3407 edu·

172 3402 259 3459 eatur,
272 3406 316 3455 oiri
336 3423 389 3458 ιιοιι
413 3409 567 3470 educatores,
581 3414 623 3463 eni
645 3430 696 3465 non
717 3416 838 3483 magistri
858 3422 941 3485 etque
953 3420 1086 3476 doctores.

173 3466 205 3520 V
202 3467 306 3522 ideutur
325 3474 439 3529 Gmoero
454 3478 486 3529 V.
499 3479 530 3530 C.
544 3480 701 3551 poedagogi.
737 3484 784 3536 Sis
796 3492 832 3535 est
843 3502 887 3552 ap.
904 3486 968 3540 Teu.
980 3490 1019 3541 Α.
1031 3491 1085 3546 uio.

170 3540 201 3659 ἓ.
210 3535 271 3661 §gd
279 3543 342 3607 quia
353 3548 472 3614 sequitur
483 3550 575 3612 alitus,
588 3551 671 3605 dated.
684 3555 784 3608 altores
796 3558 828 3607 et
838 3562 974 3627 parentes.
992 3559 1032 3615 N.
1046 3551 1085 3618 li
