2567 4209
219 335 285 399 v170
625 326 741 381 onossx

217 489 288 542 diem
299 487 356 540 dai.
367 488 385 539 i.
398 503 424 538 e.
438 482 507 538 itm
527 484 664 537 solutionis
676 483 818 537 constitnit.
830 483 866 537 ef.
880 481 995 536 Gronov.
1008 482 1042 534 od
1051 481 1141 535 Seneo.

219 554 313 624 Bonos.
326 558 362 609 io.
376 558 416 608 12
439 554 547 621 *porro
559 556 588 607 de
600 554 679 606 certis
696 557 850 607 mortorum
870 554 966 613 dicim,
980 554 1073 624 meiius
1084 554 1141 605 ecit.

208 626 300 696 sciris
312 626 415 688 accedit,
440 624 546 676 dicitnr.
593 625 653 677 Art.
667 624 703 677 ix.
716 626 743 677 2.
763 626 815 677 etsi
828 623 869 675 ld.
891 623 974 675 Mart.
987 623 1028 675 die
1035 624 1098 683 tuo,
1112 627 1144 676 ut

217 699 321 766 opinor,
342 696 522 763 expectabam
543 695 687 762 epistolam
699 711 716 746 a
733 700 763 746 te
777 696 930 762 longiorem,
944 699 999 745 etc.
1044 691 1145 745 Contra
1184 701 1188 707 '

217 768 277 822 xiii.
288 769 331 818 42.
349 766 378 817 de
390 764 474 817 natali
486 783 494 814 .·
512 764 583 816 diem
593 780 682 816 norom
693 764 745 817 aeis
757 779 817 816 esse
827 765 866 815 iii.
901 763 972 815 Non.
985 763 1045 814 Jan.
1055 761 1144 815 aderis

218 841 362 972 iiiiii?
373 834 646 971 tiittttmtt'
668 833 1146 969 nontermino:

216 990 300 1044 geom
313 974 457 1042 postulavi.
494 970 576 1025 'l‘ose
587 974 626 1025 iii.
639 975 683 1025 22.
703 973 756 1025 dies
772 972 919 1040 procedens
938 975 1046 1040 mitigat
1058 972 1147 1040 aegri·

152 1075 156 1079 ·
218 1046 353 1100 tudinem.
372 1044 406 1096 ad
419 1044 482 1096 Dio.
500 1046 518 1095 i.
532 1047 558 1095 6.
584 1047 616 1095 at
629 1042 792 1112 infringatur
804 1043 973 1095 inimieorum
986 1042 1145 1109 improbitu

219 1114 387 1182 ··ipsadie.
419 1113 497 1178 *pro
508 1129 546 1173 eo,
567 1113 635 1178 qood
646 1113 729 1165 indie
743 1113 792 1179 fot.
819 1113 853 1165 ad
874 1112 936 1164 Ilv.
951 1113 969 1164 i.
981 1113 1008 1163 2.
1036 1111 1146 1164 hiodiee

219 1186 297 1240 nobis
319 1182 522 1238 honestissimus
536 1183 671 1235 incenato
684 1182 774 1235 fueret
787 1203 794 1234 z
813 1185 840 1235 h.
853 1199 879 1234 e.
893 1197 957 1247 mooe
969 1197 998 1233 eo
1010 1181 1051 1233 die
1066 1180 1096 1232 in
1108 1196 1147 1232 oe·

220 1261 287 1307 nato
306 1260 364 1304 octa
379 1259 448 1311 mort,
461 1252 536 1304 nobis
548 1251 826 1319 honestissimosoere.
864 1253 925 1303 Att.
938 1268 966 1304 x.
978 1254 1004 1303 3.
1024 1256 1147 1303 nontam

220 1322 293 1377 dirus
307 1322 354 1375 ille
373 1322 428 1373 dieo
448 1321 571 1374 Sullanus
582 1321 614 1374 C.
629 1321 716 1374 Mario
729 1322 834 1375 fuisset.
847 1339 871 1374 o.
886 1321 1001 1373 Gronov.
1010 1319 1073 1372 ooo.
1086 1320 1106 1372 i.
1118 1322 1146 1372 2.

221 1409 250 1461 p.
263 1395 307 1445 29.
320 1398 344 1443 et
356 1390 527 1443 adimendo
541 1390 589 1443 Iro
599 1390 643 1443 iii.
652 1394 695 1443 36.
709 1389 813 1444 Dniccr.
827 1393 861 1444 od
872 1391 947 1443 Flor.
957 1391 989 1442 ii.
1002 1393 1027 1442 6.
1037 1393 1079 1442 53.
1093 1390 1109 1423 *
1119 1393 1148 1442 in

222 1461 295 1515 diem
307 1461 414 1513 rivere:
440 1476 495 1513 non
517 1461 605 1514 eodem
626 1476 701 1512 renco
720 1462 815 1527 otique
835 1460 941 1522 dicitur,
968 1462 1043 1512 natet
1060 1466 1149 1511 tomen

220 1546 325 1598 temper
334 1530 452 1597 elicitam
464 1529 584 1583 incuriae
595 1536 620 1582 et
627 1531 803 1596 negligentiae
815 1530 1045 1599 significationem.
1076 1529 1148 1581 Phil.

221 1600 253 1655 ii.
266 1605 309 1654 ³4.
330 1600 457 1653 Graeoim
469 1601 509 1651 ito
533 1600 742 1667 interpretatur.-
768 1601 860 1653 omnio
879 1601 970 1653 divina
988 1606 1012 1651 et
1031 1601 1149 1652 hemona

224 1676 395 1730 contemnere,
404 1686 450 1722 nec
461 1667 593 1737 defuturo
605 1668 760 1734 ontjodicio
771 1670 910 1723 hominnm
927 1669 1068 1722 sollicitem
1086 1685 1148 1722 esce.

223 1740 303 1793 Oret.
317 1740 346 1794 ii.
360 1742 403 1792 40.
420 1747 459 1792 ert
470 1740 635 1807 simpliciter,
646 1737 742 1807 sotori
757 1756 849 1792 coram
860 1756 915 1792 non
925 1741 1034 1792 tabere:
1054 1741 1076 1791 si
1088 1740 1151 1791 bar·

224 1810 352 1865 berorum
364 1814 416 1870 est,
429 1810 460 1862 in
470 1809 539 1862 diem
546 1810 640 1871 oioere.
651 1815 742 1863 nostra
750 1811 862 1863 oonsilio
873 1809 1067 1877 sempiternom
1079 1812 1151 1861 iem·

226 1895 276 1950 pus
289 1885 415 1948 spectare
426 1878 538 1932 debent.
574 1878 656 1932 Tum
669 1896 696 1929 v.
711 1884 751 1932 11.
782 1879 936 1932 Academici
958 1880 1087 1943 eleganter
1110 1878 1151 1929 di-

226 1948 465 2009 comunionem
485 1949 587 2010 vivere,
607 1950 675 2015 qnod
693 1950 733 2001 ito
755 1951 809 2015 ipse
833 1950 1021 2016 interpretetur
1040 1946 1151 2000 Cicero:

227 2018 350 2089 quodem]
369 2034 403 2070 ue
428 2024 533 2071 nostros
554 2020 655 2071 animos
675 2020 869 2086 probabilitate
889 2022 1030 2087 percussit,
1044 2018 1072 2070 id
1083 2017 1152 2069 dici·

228 2103 297 2141 mus.
362 2087 374 2138 i
385 2087 512 2152 objectum
523 2094 588 2146 erat.
601 2104 626 2139 ee
634 2088 665 2139 in
676 2089 730 2140 aiio
739 2090 806 2140 libro
818 2089 897 2142 aliter
907 2090 1012 2141 senense
1025 2107 1034 2139 .·
1045 2103 1153 2152 respon·

228 2157 279 2216 det,
292 2155 462 2208 Academicos
473 2171 527 2207 non
539 2172 640 2217 curare,
651 2158 714 2222 quid
724 2159 864 2224 oiiqocondo
875 2158 1022 2218 statuerint,
1033 2157 1152 2209 nutatim

229 2226 282 2278 rint
303 2224 436 2277 rtatntrrri.
455 2224 512 2276 *de
524 2223 676 2293 formulis:
703 2226 834 2294 proferre.
854 2229 1003 2294 producere,
1028 2226 1151 2286 corneo,

229 2294 302 2347 obire
314 2294 392 2354 diem,
406 2294 518 2346 eternis
531 2296 594 2346 tocie
606 2296 705 2360 agitur.
724 2296 740 2330 '¹‘
753 2301 780 2349 in
789 2297 861 2350 diem
870 2299 951 2350 etiam
962 2296 1151 2356 niterentur,

230 2369 255 2417 et
263 2362 445 2431 opponitnreop
456 2364 559 2416 statim.
573 2363 659 2416 Petit.
671 2368 711 2417 12.
724 2367 746 2418 si
756 2370 908 2434 promittas,
919 2372 947 2420 et
958 2367 1152 2424 incertumst,

229 2431 262 2484 in
273 2432 342 2484 diem
353 2428 399 2514 (cc.
409 2432 565 2503 promtum)
583 2435 730 2487 sinautem
750 2437 777 2488 id
798 2452 888 2506 neges,
908 2441 938 2489 et
957 2441 1033 2488 certe
1051 2436 1153 2487 abalie-

231 2516 289 2562 nes,
303 2506 401 2553 etatem.
437 2501 512 2554 Coei.
525 2505 567 2555 24.
587 2520 635 2556 cur
648 2520 747 2572 poenas
760 2508 893 2559 scelerum
911 2506 1021 2558 indicna
1033 2520 1154 2557 reserva·

222 2572 276 2634 tis.
313 2569 328 2605 '¹‘
340 2570 411 2623 Phil.
425 2571 454 2623 ii.
467 2575 510 2624 33.
529 2574 583 2625 alio
594 2573 652 2625 die:
671 2573 843 2640 estsormnto,
857 2592 908 2640 qao
919 2574 1084 2627 obnuntiatio
1097 2572 1153 2637 fie-

233 2640 316 2693 botin
327 2641 451 2693 comitiis.
487 2641 502 2674 *
514 2640 585 2694 Phil.
600 2644 639 2695 iii.
652 2648 678 2695 3.
709 2646 739 2696 in
755 2651 813 2697 onte
834 2646 903 2697 diem
915 2645 951 2696 iv.
965 2643 1025 2696 Kal.
1037 2643 1104 2694 Deo.
1116 2643 1153 2694 cf.

233 2710 316 2763 Catil.
327 2710 345 2761 i.
358 2713 384 2761 3.
397 2715 452 2763 etc.
472 2709 541 2762 idem
552 2720 597 2773 est,
610 2726 640 2764 ac
652 2714 676 2765 ci
692 2714 837 2766 diceretur:
856 2715 886 2765 in
898 2715 967 2765 diem
979 2714 1014 2765 io.
1027 2719 1085 2763 onte
1098 2710 1154 2763 Ko-

224 2780 321 2852 ¹tendas
341 2776 409 2830 Dec.
421 2779 473 2831 oid.
487 2779 596 2832 Fearor.
609 2782 644 2833 od
654 2781 731 2835 Pon
745 2784 787 2836 iii.
800 2787 826 2836 3.
840 2784 886 2849 oni
897 2784 1018 2835 muttoen
1029 2781 1154 2833 Cicerone

225 2855 257 2920 et
268 2848 330 2899 aliis
350 2850 468 2913 exempto
488 2850 622 2914 congessit.
636 2848 672 2919 cs.
685 2851 791 2904 Certim
808 2854 842 2904 ad
860 2850 1114 2904 &clironomian
1129 2854 1154 2901 l.

229 2915 249 2952 '¹‘
262 2916 399 2969 Genitiom
411 2918 469 2970 dies
480 2933 530 2983 pro
542 2918 606 2978 diei,
619 2926 657 2971 est
669 2937 719 2987 pro
731 2921 825 2975 Sextio
836 2924 876 2973 12.
895 2922 947 2973 oid.
960 2927 1014 2972 not.

268 2985 475 3048 Dromonem.
486 2984 584 3052 fornia
595 3005 616 3040 o.
629 2990 724 3055 species
739 2992 853 3055 generis.
890 2991 961 3057 Top.
974 2996 999 3042 7.
1017 3005 1100 3058 genus
1112 2992 1156 3040 est

225 3053 306 3109 'notio
318 3055 351 3107 ad
364 3057 454 3123 plures
471 3054 632 3123 differentias
645 3060 792 3125 pertinens.

270 3124 427 3176 Daremma.
445 3125 480 3176 de
493 3124 550 3178 inv.
565 3129 582 3177 i.
597 3129 641 3179 27.
667 3132 772 3181 occasio
784 3145 845 3180 eom
856 3132 980 3195 tempore
997 3129 1048 3180 hoc
1068 3124 1158 3193 differt

231 3193 310 3261 *pro
330 3194 436 3244 interest
458 3194 622 3260 simpliciter.
659 3196 740 3249 Toso.
755 3200 783 3249 ii.
799 3201 840 3250 15.
878 3198 930 3250 Sed
952 3202 1044 3249 tameo
1067 3194 1158 3262 differt

235 3263 271 3316 oli
291 3261 346 3313 uid.
359 3261 394 3313 cf.
408 3262 455 3314 Or.
470 3263 508 3313 iii.
521 3267 564 3315 51.
583 3264 669 3316 *cnm
680 3282 733 3317 occ.
744 3283 879 3333 perronae.
899 3267 932 3319 ad
946 3266 1007 3318 Dia.
1017 3283 1043 3317 v.
1055 3268 1097 3318 12.
1116 3266 1159 3318 siu
1267 3249 1268 3252 Ἴ

236 3332 264 3384 d‘
286 3347 328 3383 erc
347 3346 388 3382 me
408 3331 435 3382 in
447 3331 519 3384 aliud
532 3338 650 3401 tempus.
686 3335 792 3389 Finiv.
808 3340 832 3387 1.
852 3342 960 3404 tempos
972 3334 1088 3402 differre,
1109 3351 1160 3403 poo

236 3400 389 3453 dilationem
400 3400 470 3452 dare.
504 3431 506 3436 ·

271 3468 434 3531 Damoclem,
453 3471 496 3521 coi
507 3470 667 3538 niiiisooiIe
677 3475 787 3539 probari
796 3471 1057 3543 potestsmtidiorm.
1077 3474 1158 3534 Orat.
1266 3449 1268 3456 Ι

237 3538 282 3592 29.
301 3554 384 3607 usque
397 3555 430 3592 eo
441 3539 557 3608 difficiles
568 3557 600 3595 ae
612 3543 711 3596 morosi
728 3559 827 3598 sumus.
