<?xml version="1.0" encoding="UTF-8"?>
<!DOCTYPE html PUBLIC "-//W3C//DTD XHTML 1.0 Transitional//EN"
    "http://www.w3.org/TR/xhtml1/DTD/xhtml1-transitional.dtd">
<html xmlns="http://www.w3.org/1999/xhtml" xml:lang="en" lang="en">
 <head>
  <title>
</title>
<meta http-equiv="Content-Type" content="text/html;charset=utf-8" />
  <meta name='ocr-system' content='tesseract 3.04.00' />
  <meta name='ocr-capabilities' content='ocr_page ocr_carea ocr_par ocr_line ocrx_word'/>
</head>
<body>
  <div class='ocr_page' id='page_1' title='image "./joavgvstiernest00ernegoog_0096.png"; bbox 0 0 2567 4209; ppageno 0'>
   <div class='ocr_carea' id='block_1_1' title="bbox 178 300 720 374">
    <p class='ocr_par' dir='ltr' id='par_1_1' title="bbox 178 300 720 374">
     <span class='ocr_line' id='line_1_1' title="bbox 178 300 720 374; baseline -0.002 -15"><span class='ocrx_word' id='word_1_1' title='bbox 178 317 217 374; x_wconf 70' lang='lat' dir='ltr'><em>gg</em></span> <span class='ocrx_word' id='word_1_2' title='bbox 601 300 720 358; x_wconf 72' lang='lat' dir='ltr'><strong>INDEX</strong></span> 
     </span>
    </p>
   </div>
   <div class='ocr_carea' id='block_1_2' title="bbox 165 453 1131 3234">
    <p class='ocr_par' dir='ltr' id='par_1_2' title="bbox 165 453 1131 810">
     <span class='ocr_line' id='line_1_2' title="bbox 165 453 1098 535; baseline -0.001 -17"><span class='ocrx_word' id='word_1_3' title='bbox 165 458 318 535; x_wconf 65' lang='lat' dir='ltr'><em>fossense</em></span> <span class='ocrx_word' id='word_1_4' title='bbox 336 453 508 529; x_wconf 77' lang='lat' dir='ltr'><em>mgitatieest</em></span> <span class='ocrx_word' id='word_1_5' title='bbox 527 462 598 529; x_wconf 78' lang='lat' dir='ltr'><em>apsel</em></span> <span class='ocrx_word' id='word_1_6' title='bbox 620 462 783 517; x_wconf 78' lang='lat' dir='ltr'><em>Vitruvium.</em></span> <span class='ocrx_word' id='word_1_7' title='bbox 820 457 893 513; x_wconf 81' lang='lat' dir='ltr'><em>Haec</em></span> <span class='ocrx_word' id='word_1_8' title='bbox 905 476 937 513; x_wconf 83' lang='lat' dir='ltr'><em>ee</em></span> <span class='ocrx_word' id='word_1_9' title='bbox 946 453 1098 528; x_wconf 73' lang='lat' dir='ltr'><em>melarione</em></span> 
     </span>
     <span class='ocr_line' id='line_1_3' title="bbox 173 532 1101 596; baseline -0.001 -8"><span class='ocrx_word' id='word_1_10' title='bbox 173 537 203 589; x_wconf 81' lang='lat' dir='ltr'><em>de</em></span> <span class='ocrx_word' id='word_1_11' title='bbox 216 535 292 588; x_wconf 78' lang='lat' dir='ltr'><em>literis</em></span> <span class='ocrx_word' id='word_1_12' title='bbox 304 534 361 586; x_wconf 81' lang='lat' dir='ltr'><em>Cic.</em></span> <span class='ocrx_word' id='word_1_13' title='bbox 384 534 413 585; x_wconf 90' lang='lat' dir='ltr'><em>de</em></span> <span class='ocrx_word' id='word_1_14' title='bbox 426 532 539 584; x_wconf 86' lang='lat' dir='ltr'><em>Oratore</em></span> <span class='ocrx_word' id='word_1_15' title='bbox 552 548 576 584; x_wconf 86' lang='lat' dir='ltr'><em>a.</em></span> <span class='ocrx_word' id='word_1_16' title='bbox 591 537 667 588; x_wconf 84' lang='grc'><strong>1736.</strong></span> <span class='ocrx_word' id='word_1_17' title='bbox 686 536 759 590; x_wconf 85' lang='lat' dir='ltr'><em>edita.</em></span> <span class='ocrx_word' id='word_1_18' title='bbox 773 533 804 583; x_wconf 89' lang='lat' dir='ltr'><em>in</em></span> <span class='ocrx_word' id='word_1_19' title='bbox 815 547 866 596; x_wconf 83' lang='lat' dir='ltr'><em>pua</em></span> <span class='ocrx_word' id='word_1_20' title='bbox 878 532 961 583; x_wconf 78' lang='lat' dir='ltr'><em>alito</em></span> <span class='ocrx_word' id='word_1_21' title='bbox 973 532 1101 587; x_wconf 85' lang='lat' dir='ltr'><em>Pearcia·</em></span> 
     </span>
     <span class='ocr_line' id='line_1_4' title="bbox 172 601 1098 671; baseline -0.002 -13"><span class='ocrx_word' id='word_1_22' title='bbox 172 621 221 658; x_wconf 87' lang='lat' dir='ltr'><em>nas</em></span> <span class='ocrx_word' id='word_1_23' title='bbox 242 605 367 671; x_wconf 76' lang='lat' dir='ltr'><em>quasdam</em></span> <span class='ocrx_word' id='word_1_24' title='bbox 387 604 545 669; x_wconf 64' lang='lat' dir='ltr'><em>conjecturas</em></span> <span class='ocrx_word' id='word_1_25' title='bbox 569 602 713 668; x_wconf 81' lang='lat' dir='ltr'><em>rejecimus.</em></span> <span class='ocrx_word' id='word_1_26' title='bbox 748 601 837 653; x_wconf 78' lang='lat' dir='ltr'><em>Liuius</em></span> <span class='ocrx_word' id='word_1_27' title='bbox 860 617 938 652; x_wconf 81' lang='lat' dir='ltr'><em>caco.</em></span> <span class='ocrx_word' id='word_1_28' title='bbox 958 606 1002 654; x_wconf 84' lang='grc'><em>26.</em></span> <span class='ocrx_word' id='word_1_29' title='bbox 1028 606 1098 656; x_wconf 87' lang='lat' dir='ltr'><em>clare</em></span> 
     </span>
     <span class='ocr_line' id='line_1_5' title="bbox 174 670 1131 743; baseline 0.002 -18"><span class='ocrx_word' id='word_1_30' title='bbox 174 675 358 743; x_wconf 78' lang='lat' dir='ltr'><strong>Cogitationes</strong></span> <span class='ocrx_word' id='word_1_31' title='bbox 370 680 443 724; x_wconf 75' lang='lat' dir='ltr'><em>noem</em></span> <span class='ocrx_word' id='word_1_32' title='bbox 454 672 647 726; x_wconf 71' lang='lat' dir='ltr'><em>exercitationes</em></span> <span class='ocrx_word' id='word_1_33' title='bbox 659 671 872 739; x_wconf 68' lang='lat' dir='ltr'><strong><em>Philopoemenis</em></strong></span> <span class='ocrx_word' id='word_1_34' title='bbox 883 670 913 721; x_wconf 88' lang='lat' dir='ltr'><em>in</em></span> <span class='ocrx_word' id='word_1_35' title='bbox 921 675 1097 737; x_wconf 81' lang='lat' dir='ltr'><em>cornparanda</em></span> <span class='ocrx_word' id='word_1_36' title='bbox 1116 722 1131 742; x_wconf 82' lang='grc'>,</span> 
     </span>
     <span class='ocr_line' id='line_1_6' title="bbox 172 742 805 810; baseline -0.009 -14"><span class='ocrx_word' id='word_1_37' title='bbox 172 759 224 796; x_wconf 86' lang='lat' dir='ltr'><em>usu</em></span> <span class='ocrx_word' id='word_1_38' title='bbox 237 744 364 795; x_wconf 72' lang='lat' dir='ltr'><em>induaris</em></span> <span class='ocrx_word' id='word_1_39' title='bbox 374 743 424 802; x_wconf 87' lang='lat' dir='ltr'><em>rei,</em></span> <span class='ocrx_word' id='word_1_40' title='bbox 438 743 522 807; x_wconf 81' lang='lat' dir='ltr'><em>quoad</em></span> <span class='ocrx_word' id='word_1_41' title='bbox 532 742 621 792; x_wconf 86' lang='lat' dir='ltr'><em>animo</em></span> <span class='ocrx_word' id='word_1_42' title='bbox 631 750 805 810; x_wconf 81' lang='lat' dir='ltr'><em>peraguntur.</em></span> 
     </span>
    </p>

    <p class='ocr_par' dir='ltr' id='par_1_3' title="bbox 172 810 1099 1501">
     <span class='ocr_line' id='line_1_7' title="bbox 206 810 1096 876; baseline -0.003 -11"><span class='ocrx_word' id='word_1_43' title='bbox 206 813 361 866; x_wconf 73' lang='lat' dir='ltr'><em>Caeneum.</em></span> <span class='ocrx_word' id='word_1_44' title='bbox 399 812 557 863; x_wconf 67' lang='grc'><strong>[1111114.</strong></span> <span class='ocrx_word' id='word_1_45' title='bbox 574 814 613 861; x_wconf 92' lang='grc'><em>15.</em></span> <span class='ocrx_word' id='word_1_46' title='bbox 633 818 745 866; x_wconf 81' lang='lat' dir='ltr'><em>naturae</em></span> <span class='ocrx_word' id='word_1_47' title='bbox 757 810 887 875; x_wconf 74' lang='lat' dir='ltr'><em>eogumtia,</em></span> <span class='ocrx_word' id='word_1_48' title='bbox 905 817 941 861; x_wconf 87' lang='lat' dir='ltr'><em>est</em></span> <span class='ocrx_word' id='word_1_49' title='bbox 961 815 1096 876; x_wconf 62' lang='lat' dir='ltr'><em>mereim</em></span> 
     </span>
     <span class='ocr_line' id='line_1_8' title="bbox 175 878 1096 948; baseline -0.003 -13"><span class='ocrx_word' id='word_1_50' title='bbox 175 883 408 948; x_wconf 73' lang='lat' dir='ltr'><em>Philosophorum.</em></span> <span class='ocrx_word' id='word_1_51' title='bbox 428 899 453 933; x_wconf 88' lang='lat' dir='ltr'><em>o.</em></span> <span class='ocrx_word' id='word_1_52' title='bbox 467 880 525 932; x_wconf 85' lang='lat' dir='ltr'><em>Ind.</em></span> <span class='ocrx_word' id='word_1_53' title='bbox 547 879 595 931; x_wconf 82' lang='lat' dir='ltr'><em>Gr.</em></span> <span class='ocrx_word' id='word_1_54' title='bbox 614 884 754 948; x_wconf 69' lang='grc' dir='ltr'><strong>συμπιθαα.</strong></span> <span class='ocrx_word' id='word_1_55' title='bbox 773 878 927 931; x_wconf 67' lang='grc'><strong>*11111166</strong></span> <span class='ocrx_word' id='word_1_56' title='bbox 954 888 1096 948; x_wconf 83' lang='lat' dir='ltr'><em>quanatn·</em></span> 
     </span>
     <span class='ocr_line' id='line_1_9' title="bbox 175 948 1095 1018; baseline -0.003 -14"><span class='ocrx_word' id='word_1_57' title='bbox 175 953 225 1005; x_wconf 85' lang='lat' dir='ltr'><em>reli</em></span> <span class='ocrx_word' id='word_1_58' title='bbox 247 952 399 1016; x_wconf 74' lang='lat' dir='ltr'><em>cognatione</em></span> <span class='ocrx_word' id='word_1_59' title='bbox 412 953 551 1003; x_wconf 83' lang='lat' dir='ltr'><strong>thesaurus</strong></span> <span class='ocrx_word' id='word_1_60' title='bbox 563 966 626 1002; x_wconf 84' lang='lat' dir='ltr'><em>curn</em></span> <span class='ocrx_word' id='word_1_61' title='bbox 638 951 747 1002; x_wconf 87' lang='lat' dir='ltr'><em>somniis</em></span> <span class='ocrx_word' id='word_1_62' title='bbox 761 950 892 1018; x_wconf 80' lang='lat' dir='ltr'><em>juugitur.</em></span> <span class='ocrx_word' id='word_1_63' title='bbox 911 948 927 981; x_wconf 88' lang='grc'><strong><em>*</em></strong></span> <span class='ocrx_word' id='word_1_64' title='bbox 939 951 1095 1014; x_wconf 78' lang='lat' dir='ltr'><em>conjunctio,</em></span> 
     </span>
     <span class='ocr_line' id='line_1_10' title="bbox 174 1019 1099 1086; baseline -0.003 -13"><span class='ocrx_word' id='word_1_65' title='bbox 174 1038 234 1074; x_wconf 85' lang='lat' dir='ltr'><em>sum</em></span> <span class='ocrx_word' id='word_1_66' title='bbox 246 1038 331 1073; x_wconf 90' lang='lat' dir='ltr'><em>unum</em></span> <span class='ocrx_word' id='word_1_67' title='bbox 342 1021 508 1086; x_wconf 85' lang='lat' dir='ltr'><em>implicatum</em></span> <span class='ocrx_word' id='word_1_68' title='bbox 520 1026 556 1070; x_wconf 89' lang='lat' dir='ltr'><em>est</em></span> <span class='ocrx_word' id='word_1_69' title='bbox 568 1020 654 1078; x_wconf 84' lang='lat' dir='ltr'><em>alteri,</em></span> <span class='ocrx_word' id='word_1_70' title='bbox 667 1026 696 1069; x_wconf 91' lang='lat' dir='ltr'><em>ut</em></span> <span class='ocrx_word' id='word_1_71' title='bbox 709 1019 764 1069; x_wconf 88' lang='lat' dir='ltr'><em>sine</em></span> <span class='ocrx_word' id='word_1_72' title='bbox 777 1036 805 1069; x_wconf 91' lang='lat' dir='ltr'><em>eo</em></span> <span class='ocrx_word' id='word_1_73' title='bbox 818 1019 955 1069; x_wconf 83' lang='lat' dir='ltr'><em>comistere</em></span> <span class='ocrx_word' id='word_1_74' title='bbox 968 1020 1031 1070; x_wconf 89' lang='lat' dir='ltr'><em>satis</em></span> <span class='ocrx_word' id='word_1_75' title='bbox 1042 1034 1099 1070; x_wconf 88' lang='lat' dir='ltr'><em>non</em></span> 
     </span>
     <span class='ocr_line' id='line_1_11' title="bbox 172 1088 1098 1158; baseline -0.003 -15"><span class='ocrx_word' id='word_1_76' title='bbox 172 1092 264 1158; x_wconf 86' lang='lat' dir='ltr'><em>possit.</em></span> <span class='ocrx_word' id='word_1_77' title='bbox 296 1092 378 1143; x_wconf 85' lang='lat' dir='ltr'><em>Arch.</em></span> <span class='ocrx_word' id='word_1_78' title='bbox 394 1098 416 1141; x_wconf 92' lang='grc'><em>1.</em></span> <span class='ocrx_word' id='word_1_79' title='bbox 430 1089 519 1142; x_wconf 82' lang='lat' dir='ltr'><em>studio</em></span> <span class='ocrx_word' id='word_1_80' title='bbox 530 1090 706 1141; x_wconf 84' lang='lat' dir='ltr'><em>humanitatis</em></span> <span class='ocrx_word' id='word_1_81' title='bbox 723 1088 838 1156; x_wconf 84' lang='lat' dir='ltr'><em>quadam</em></span> <span class='ocrx_word' id='word_1_82' title='bbox 853 1088 1004 1151; x_wconf 68' lang='lat' dir='ltr'><em>cognatione</em></span> <span class='ocrx_word' id='word_1_83' title='bbox 1025 1090 1098 1141; x_wconf 87' lang='lat' dir='ltr'><em>inter</em></span> 
     </span>
     <span class='ocr_line' id='line_1_12' title="bbox 176 1157 1096 1220; baseline -0.004 -8"><span class='ocrx_word' id='word_1_84' title='bbox 176 1177 205 1214; x_wconf 85' lang='lat' dir='ltr'><em>se</em></span> <span class='ocrx_word' id='word_1_85' title='bbox 224 1161 406 1212; x_wconf 88' lang='lat' dir='ltr'><em>continentur.</em></span> <span class='ocrx_word' id='word_1_86' title='bbox 451 1159 467 1192; x_wconf 89' lang='lat'><em>*</em></span> <span class='ocrx_word' id='word_1_87' title='bbox 480 1160 542 1210; x_wconf 81' lang='lat' dir='ltr'><em>Diu.</em></span> <span class='ocrx_word' id='word_1_88' title='bbox 565 1160 582 1210; x_wconf 88' lang='lat' dir='ltr'><em>i.</em></span> <span class='ocrx_word' id='word_1_89' title='bbox 604 1163 647 1209; x_wconf 80' lang='lat'><em>30.</em></span> <span class='ocrx_word' id='word_1_90' title='bbox 680 1157 797 1209; x_wconf 79' lang='lat' dir='ltr'><em>Deorum</em></span> <span class='ocrx_word' id='word_1_91' title='bbox 820 1158 973 1220; x_wconf 80' lang='lat' dir='ltr'><em>cognatione</em></span> <span class='ocrx_word' id='word_1_92' title='bbox 997 1159 1096 1210; x_wconf 84' lang='lat' dir='ltr'><em>teneri.</em></span> 
     </span>
     <span class='ocr_line' id='line_1_13' title="bbox 174 1227 1097 1295; baseline -0.002 -14"><span class='ocrx_word' id='word_1_93' title='bbox 174 1228 303 1293; x_wconf 80' lang='lat' dir='ltr'><em>*elegans</em></span> <span class='ocrx_word' id='word_1_94' title='bbox 315 1229 382 1280; x_wconf 89' lang='lat' dir='ltr'><em>illud</em></span> <span class='ocrx_word' id='word_1_95' title='bbox 392 1235 428 1280; x_wconf 90' lang='lat' dir='ltr'><em>est</em></span> <span class='ocrx_word' id='word_1_96' title='bbox 447 1230 514 1280; x_wconf 86' lang='lat' dir='ltr'><em>Snll.</em></span> <span class='ocrx_word' id='word_1_97' title='bbox 534 1231 577 1282; x_wconf 80' lang='lat'><em>20.</em></span> <span class='ocrx_word' id='word_1_98' title='bbox 598 1243 740 1295; x_wconf 83' lang='lat' dir='ltr'><strong>numquam</strong></span> <span class='ocrx_word' id='word_1_99' title='bbox 762 1227 813 1278; x_wconf 88' lang='lat' dir='ltr'><em>sibi</em></span> <span class='ocrx_word' id='word_1_100' title='bbox 834 1228 1014 1290; x_wconf 69' lang='lat' dir='ltr'><em>cognationem</em></span> <span class='ocrx_word' id='word_1_101' title='bbox 1034 1239 1097 1280; x_wconf 86' lang='lat' dir='ltr'><em>cum</em></span> 
     </span>
     <span class='ocr_line' id='line_1_14' title="bbox 174 1296 1099 1367; baseline -0.002 -17"><span class='ocrx_word' id='word_1_102' title='bbox 174 1298 291 1367; x_wconf 82' lang='lat' dir='ltr'><em>praediis</em></span> <span class='ocrx_word' id='word_1_103' title='bbox 303 1314 362 1350; x_wconf 87' lang='lat' dir='ltr'><em>esse</em></span> <span class='ocrx_word' id='word_1_104' title='bbox 371 1298 540 1350; x_wconf 82' lang='lat' dir='ltr'><em>existimavit</em></span> <span class='ocrx_word' id='word_1_105' title='bbox 548 1298 618 1348; x_wconf 88' lang='lat' dir='ltr'><em>suis:</em></span> <span class='ocrx_word' id='word_1_106' title='bbox 632 1300 660 1348; x_wconf 93' lang='lat' dir='ltr'><em>h.</em></span> <span class='ocrx_word' id='word_1_107' title='bbox 673 1314 698 1349; x_wconf 91' lang='lat' dir='ltr'><em>e.</em></span> <span class='ocrx_word' id='word_1_108' title='bbox 712 1312 857 1361; x_wconf 72' lang='lat' dir='ltr'><em>numanam</em></span> <span class='ocrx_word' id='word_1_109' title='bbox 865 1296 904 1346; x_wconf 90' lang='lat' dir='ltr'><em>ita</em></span> <span class='ocrx_word' id='word_1_110' title='bbox 912 1297 1011 1348; x_wconf 87' lang='lat' dir='ltr'><em>amauit</em></span> <span class='ocrx_word' id='word_1_111' title='bbox 1019 1312 1099 1363; x_wconf 89' lang='lat' dir='ltr'><em>prae·</em></span> 
     </span>
     <span class='ocr_line' id='line_1_15' title="bbox 174 1364 1098 1432; baseline -0.002 -12"><span class='ocrx_word' id='word_1_112' title='bbox 174 1369 219 1420; x_wconf 86' lang='lat' dir='ltr'><em>dia</em></span> <span class='ocrx_word' id='word_1_113' title='bbox 231 1383 286 1427; x_wconf 75' lang='lat' dir='ltr'><em>sua,</em></span> <span class='ocrx_word' id='word_1_114' title='bbox 298 1374 328 1418; x_wconf 91' lang='lat' dir='ltr'><em>ut</em></span> <span class='ocrx_word' id='word_1_115' title='bbox 340 1383 370 1419; x_wconf 89' lang='lat' dir='ltr'><em>ea</em></span> <span class='ocrx_word' id='word_1_116' title='bbox 381 1369 460 1419; x_wconf 86' lang='lat' dir='ltr'><em>nollet</em></span> <span class='ocrx_word' id='word_1_117' title='bbox 472 1368 586 1427; x_wconf 87' lang='lat' dir='ltr'><em>vendere,</em></span> <span class='ocrx_word' id='word_1_118' title='bbox 600 1367 624 1418; x_wconf 90' lang='lat' dir='ltr'><em>si</em></span> <span class='ocrx_word' id='word_1_119' title='bbox 635 1383 676 1418; x_wconf 87' lang='lat' dir='ltr'><em>res</em></span> <span class='ocrx_word' id='word_1_120' title='bbox 686 1367 840 1432; x_wconf 87' lang='lat' dir='ltr'><em>postularet.</em></span> <span class='ocrx_word' id='word_1_121' title='bbox 871 1364 970 1417; x_wconf 90' lang='lat' dir='ltr'><em>Melius</em></span> <span class='ocrx_word' id='word_1_122' title='bbox 981 1368 1043 1417; x_wconf 75' lang='lat' dir='ltr'><em>llaec</em></span> <span class='ocrx_word' id='word_1_123' title='bbox 1055 1367 1098 1419; x_wconf 90' lang='lat' dir='ltr'><em>in·</em></span> 
     </span>
     <span class='ocr_line' id='line_1_16' title="bbox 175 1436 493 1501; baseline 0 -13"><span class='ocrx_word' id='word_1_124' title='bbox 175 1437 318 1501; x_wconf 82' lang='lat' dir='ltr'><em>telliges&#39;en</em></span> <span class='ocrx_word' id='word_1_125' title='bbox 330 1436 408 1488; x_wconf 86' lang='lat' dir='ltr'><em>Catil.</em></span> <span class='ocrx_word' id='word_1_126' title='bbox 422 1438 453 1488; x_wconf 78' lang='lat' dir='ltr'><em>ii.</em></span> <span class='ocrx_word' id='word_1_127' title='bbox 467 1441 493 1488; x_wconf 83' lang='lat'><em>8.</em></span> 
     </span>
    </p>

    <p class='ocr_par' dir='ltr' id='par_1_4' title="bbox 177 1505 1101 1712">
     <span class='ocr_line' id='line_1_17' title="bbox 210 1505 1101 1571; baseline 0.001 -14"><span class='ocrx_word' id='word_1_128' title='bbox 210 1506 366 1558; x_wconf 77' lang='lat' dir='ltr'><em>Cocssrus.</em></span> <span class='ocrx_word' id='word_1_129' title='bbox 403 1509 451 1559; x_wconf 80' lang='lat' dir='ltr'><em>(tr.</em></span> <span class='ocrx_word' id='word_1_130' title='bbox 473 1508 512 1558; x_wconf 90' lang='lat' dir='ltr'><em>iii.</em></span> <span class='ocrx_word' id='word_1_131' title='bbox 532 1508 574 1557; x_wconf 96' lang='grc'><em>51.</em></span> <span class='ocrx_word' id='word_1_132' title='bbox 599 1505 749 1571; x_wconf 72' lang='lat' dir='ltr'><em>Cogitatum</em></span> <span class='ocrx_word' id='word_1_133' title='bbox 769 1506 905 1558; x_wconf 86' lang='lat' dir='ltr'><em>mentibus</em></span> <span class='ocrx_word' id='word_1_134' title='bbox 925 1505 1032 1564; x_wconf 87' lang='lat' dir='ltr'><em>nostris,</em></span> <span class='ocrx_word' id='word_1_135' title='bbox 1055 1510 1101 1559; x_wconf 86' lang='lat' dir='ltr'><em>est</em></span> 
     </span>
     <span class='ocr_line' id='line_1_18' title="bbox 177 1575 1100 1636; baseline -0.001 -9"><span class='ocrx_word' id='word_1_136' title='bbox 177 1591 220 1627; x_wconf 88' lang='lat' dir='ltr'><em>res</em></span> <span class='ocrx_word' id='word_1_137' title='bbox 232 1582 330 1629; x_wconf 76' lang='lat' dir='ltr'><em>nmura</em></span> <span class='ocrx_word' id='word_1_138' title='bbox 342 1577 424 1629; x_wconf 81' lang='lat' dir='ltr'><em>nunti</em></span> <span class='ocrx_word' id='word_1_139' title='bbox 435 1579 564 1628; x_wconf 75' lang='lat' dir='ltr'><em>hermanus</em></span> <span class='ocrx_word' id='word_1_140' title='bbox 579 1576 616 1627; x_wconf 91' lang='lat' dir='ltr'><em>ita</em></span> <span class='ocrx_word' id='word_1_141' title='bbox 627 1576 787 1634; x_wconf 86' lang='lat' dir='ltr'><em>cormeniens,</em></span> <span class='ocrx_word' id='word_1_142' title='bbox 796 1582 825 1625; x_wconf 89' lang='lat' dir='ltr'><em>ut</em></span> <span class='ocrx_word' id='word_1_143' title='bbox 837 1591 867 1626; x_wconf 92' lang='lat' dir='ltr'><em>ea</em></span> <span class='ocrx_word' id='word_1_144' title='bbox 878 1581 1020 1636; x_wconf 88' lang='lat' dir='ltr'><em>moveatur,</em></span> <span class='ocrx_word' id='word_1_145' title='bbox 1030 1575 1100 1626; x_wconf 91' lang='lat' dir='ltr'><em>inter</em></span> 
     </span>
     <span class='ocr_line' id='line_1_19' title="bbox 177 1645 956 1712; baseline -0.005 -15"><span class='ocrx_word' id='word_1_146' title='bbox 177 1661 256 1712; x_wconf 77' lang='lat' dir='ltr'><em>quam</em></span> <span class='ocrx_word' id='word_1_147' title='bbox 267 1646 329 1696; x_wconf 90' lang='lat' dir='ltr'><em>adeo</em></span> <span class='ocrx_word' id='word_1_148' title='bbox 341 1653 365 1698; x_wconf 89' lang='lat' dir='ltr'><em>et</em></span> <span class='ocrx_word' id='word_1_149' title='bbox 376 1652 489 1697; x_wconf 79' lang='lat' dir='ltr'><em>oneretem</em></span> <span class='ocrx_word' id='word_1_150' title='bbox 500 1652 618 1697; x_wconf 88' lang='lat' dir='ltr'><em>nastrum</em></span> <span class='ocrx_word' id='word_1_151' title='bbox 630 1652 666 1696; x_wconf 89' lang='lat' dir='ltr'><em>est</em></span> <span class='ocrx_word' id='word_1_152' title='bbox 679 1645 804 1710; x_wconf 82' lang='lat' dir='ltr'><em>quaedam</em></span> <span class='ocrx_word' id='word_1_153' title='bbox 814 1646 956 1708; x_wconf 65' lang='lat' dir='ltr'><em>moreius.</em></span> 
     </span>
    </p>

    <p class='ocr_par' dir='ltr' id='par_1_5' title="bbox 169 1712 1102 3234">
     <span class='ocr_line' id='line_1_20' title="bbox 209 1712 1098 1782; baseline 0 -16"><span class='ocrx_word' id='word_1_154' title='bbox 209 1714 358 1767; x_wconf 73' lang='lat' dir='ltr'><em>Conuicto.</em></span> <span class='ocrx_word' id='word_1_155' title='bbox 377 1715 411 1767; x_wconf 89' lang='lat' dir='ltr'><em>ad</em></span> <span class='ocrx_word' id='word_1_156' title='bbox 423 1715 584 1782; x_wconf 72' lang='lat' dir='ltr'><em>captionem</em></span> <span class='ocrx_word' id='word_1_157' title='bbox 598 1715 628 1766; x_wconf 71' lang='lat'><em>1..</em></span> <span class='ocrx_word' id='word_1_158' title='bbox 642 1716 698 1766; x_wconf 81' lang='lat' dir='ltr'><em>xvi.</em></span> <span class='ocrx_word' id='word_1_159' title='bbox 718 1714 752 1766; x_wconf 84' lang='lat' dir='ltr'><em>ad</em></span> <span class='ocrx_word' id='word_1_160' title='bbox 765 1715 826 1764; x_wconf 77' lang='lat' dir='ltr'><em>Aet.</em></span> <span class='ocrx_word' id='word_1_161' title='bbox 837 1728 882 1778; x_wconf 88' lang='lat' dir='ltr'><em>ep.</em></span> <span class='ocrx_word' id='word_1_162' title='bbox 895 1715 934 1764; x_wconf 92' lang='grc'><em>16.</em></span> <span class='ocrx_word' id='word_1_163' title='bbox 978 1712 1098 1766; x_wconf 87' lang='lat' dir='ltr'><em>Consuli-</em></span> 
     </span>
     <span class='ocr_line' id='line_1_21' title="bbox 179 1781 1102 1849; baseline -0.001 -12"><span class='ocrx_word' id='word_1_164' title='bbox 179 1787 229 1837; x_wconf 85' lang='lat' dir='ltr'><em>bus</em></span> <span class='ocrx_word' id='word_1_165' title='bbox 242 1784 416 1848; x_wconf 71' lang='lat' dir='ltr'><em>cognitionem</em></span> <span class='ocrx_word' id='word_1_166' title='bbox 435 1785 520 1836; x_wconf 83' lang='lat' dir='ltr'><em>dedit.</em></span> <span class='ocrx_word' id='word_1_167' title='bbox 538 1787 565 1836; x_wconf 85' lang='lat' dir='ltr'><em>h.</em></span> <span class='ocrx_word' id='word_1_168' title='bbox 579 1800 604 1836; x_wconf 91' lang='lat' dir='ltr'><em>e.</em></span> <span class='ocrx_word' id='word_1_169' title='bbox 623 1783 780 1849; x_wconf 74' lang='lat' dir='ltr'><em>cognitionis</em></span> <span class='ocrx_word' id='word_1_170' title='bbox 789 1798 872 1847; x_wconf 86' lang='lat' dir='ltr'><em>genus</em></span> <span class='ocrx_word' id='word_1_171' title='bbox 883 1781 957 1841; x_wconf 76' lang='lat' dir='ltr'><em>illud,</em></span> <span class='ocrx_word' id='word_1_172' title='bbox 967 1783 1102 1849; x_wconf 78' lang='lat' dir='ltr'><em>mmdjuri</em></span> 
     </span>
     <span class='ocr_line' id='line_1_22' title="bbox 178 1850 1100 1920; baseline 0 -14"><span class='ocrx_word' id='word_1_173' title='bbox 178 1855 324 1915; x_wconf 85' lang='lat' dir='ltr'><em>ordinario,</em></span> <span class='ocrx_word' id='word_1_174' title='bbox 344 1856 371 1905; x_wconf 88' lang='lat' dir='ltr'><em>h.</em></span> <span class='ocrx_word' id='word_1_175' title='bbox 392 1872 417 1907; x_wconf 88' lang='lat' dir='ltr'><em>e.</em></span> <span class='ocrx_word' id='word_1_176' title='bbox 437 1855 590 1920; x_wconf 81' lang='lat' dir='ltr'><em>quaestioni,</em></span> <span class='ocrx_word' id='word_1_177' title='bbox 611 1854 761 1919; x_wconf 81' lang='lat' dir='ltr'><em>opponitur,</em></span> <span class='ocrx_word' id='word_1_178' title='bbox 774 1868 839 1917; x_wconf 77' lang='lat' dir='ltr'><em>uuae</em></span> <span class='ocrx_word' id='word_1_179' title='bbox 847 1850 887 1914; x_wconf 82' lang='lat' dir='ltr'><em>fit</em></span> <span class='ocrx_word' id='word_1_180' title='bbox 898 1866 929 1901; x_wconf 82' lang='lat' dir='ltr'><em>ec</em></span> <span class='ocrx_word' id='word_1_181' title='bbox 942 1853 1040 1916; x_wconf 83' lang='lat' dir='ltr'><em>legions</em></span> <span class='ocrx_word' id='word_1_182' title='bbox 1049 1868 1100 1918; x_wconf 87' lang='lat' dir='ltr'><em>per</em></span> 
     </span>
     <span class='ocr_line' id='line_1_23' title="bbox 177 1922 1101 1992; baseline -0.003 -16"><span class='ocrx_word' id='word_1_183' title='bbox 177 1931 259 1977; x_wconf 86' lang='lat' dir='ltr'><em>certos</em></span> <span class='ocrx_word' id='word_1_184' title='bbox 270 1925 449 1988; x_wconf 83' lang='lat' dir='ltr'><em>magistratus.</em></span> <span class='ocrx_word' id='word_1_185' title='bbox 485 1925 560 1975; x_wconf 72' lang='lat' dir='ltr'><em>n‘um</em></span> <span class='ocrx_word' id='word_1_186' title='bbox 572 1925 690 1992; x_wconf 79' lang='lat' dir='ltr'><em>cognitio</em></span> <span class='ocrx_word' id='word_1_187' title='bbox 696 1923 736 1989; x_wconf 81' lang='lat' dir='ltr'><em>fit</em></span> <span class='ocrx_word' id='word_1_188' title='bbox 747 1929 821 1972; x_wconf 81' lang='lat' dir='ltr'><em>entra</em></span> <span class='ocrx_word' id='word_1_189' title='bbox 832 1922 951 1973; x_wconf 81' lang='lat' dir='ltr'><em>ordinem</em></span> <span class='ocrx_word' id='word_1_190' title='bbox 962 1924 994 1973; x_wconf 82' lang='lat' dir='ltr'><em>ab</em></span> <span class='ocrx_word' id='word_1_191' title='bbox 1006 1939 1043 1982; x_wconf 83' lang='lat' dir='ltr'><em>eo,</em></span> <span class='ocrx_word' id='word_1_192' title='bbox 1054 1923 1101 1989; x_wconf 72' lang='lat' dir='ltr'><em>pree·</em></span> 
     </span>
     <span class='ocr_line' id='line_1_24' title="bbox 177 1992 1100 2054; baseline 0 -9"><span class='ocrx_word' id='word_1_193' title='bbox 177 2002 254 2047; x_wconf 84' lang='lat' dir='ltr'><em>entra</em></span> <span class='ocrx_word' id='word_1_194' title='bbox 274 1994 393 2045; x_wconf 85' lang='lat' dir='ltr'><em>ordinem</em></span> <span class='ocrx_word' id='word_1_195' title='bbox 404 1995 557 2045; x_wconf 84' lang='lat' dir='ltr'><em>constitutus</em></span> <span class='ocrx_word' id='word_1_196' title='bbox 569 2000 613 2049; x_wconf 81' lang='lat' dir='ltr'><em>est.</em></span> <span class='ocrx_word' id='word_1_197' title='bbox 626 2000 656 2042; x_wconf 91' lang='lat' dir='ltr'><em>ut</em></span> <span class='ocrx_word' id='word_1_198' title='bbox 667 2008 725 2043; x_wconf 85' lang='lat' dir='ltr'><em>rem</em></span> <span class='ocrx_word' id='word_1_199' title='bbox 736 1996 878 2054; x_wconf 71' lang='lat' dir='ltr'><em>cogrcoscat</em></span> <span class='ocrx_word' id='word_1_200' title='bbox 892 1997 921 2041; x_wconf 88' lang='lat' dir='ltr'><em>nt</em></span> <span class='ocrx_word' id='word_1_201' title='bbox 941 1993 1029 2043; x_wconf 76' lang='lat' dir='ltr'><em>doceret</em></span> <span class='ocrx_word' id='word_1_202' title='bbox 1041 1992 1100 2045; x_wconf 85' lang='lat' dir='ltr'><em>Sal-</em></span> 
     </span>
     <span class='ocr_line' id='line_1_25' title="bbox 177 2059 1098 2126; baseline -0.002 -10"><span class='ocrx_word' id='word_1_203' title='bbox 177 2079 243 2118; x_wconf 89' lang='lat' dir='ltr'><em>mas.</em></span> <span class='ocrx_word' id='word_1_204' title='bbox 257 2064 286 2113; x_wconf 91' lang='lat' dir='ltr'><em>de</em></span> <span class='ocrx_word' id='word_1_205' title='bbox 306 2063 375 2113; x_wconf 90' lang='lat' dir='ltr'><em>mod.</em></span> <span class='ocrx_word' id='word_1_206' title='bbox 393 2063 472 2113; x_wconf 86' lang='lat' dir='ltr'><em>Usur.</em></span> <span class='ocrx_word' id='word_1_207' title='bbox 486 2078 508 2112; x_wconf 89' lang='lat' dir='ltr'><em>c.</em></span> <span class='ocrx_word' id='word_1_208' title='bbox 523 2063 564 2112; x_wconf 90' lang='lat' dir='ltr'><em>iii.</em></span> <span class='ocrx_word' id='word_1_209' title='bbox 577 2077 604 2126; x_wconf 89' lang='lat' dir='ltr'><em>p.</em></span> <span class='ocrx_word' id='word_1_210' title='bbox 621 2065 678 2111; x_wconf 91' lang='grc'><strong>111.</strong></span> <span class='ocrx_word' id='word_1_211' title='bbox 692 2076 745 2124; x_wconf 86' lang='lat' dir='ltr'><em>sqq.</em></span> <span class='ocrx_word' id='word_1_212' title='bbox 759 2065 783 2111; x_wconf 88' lang='lat' dir='ltr'><em>et</em></span> <span class='ocrx_word' id='word_1_213' title='bbox 795 2059 889 2109; x_wconf 80' lang='lat' dir='ltr'><em>Graan.</em></span> <span class='ocrx_word' id='word_1_214' title='bbox 911 2060 941 2110; x_wconf 88' lang='lat' dir='ltr'><em>in</em></span> <span class='ocrx_word' id='word_1_215' title='bbox 952 2061 1098 2124; x_wconf 82' lang='lat' dir='ltr'><em>Animadp.</em></span> 
     </span>
     <span class='ocr_line' id='line_1_26' title="bbox 176 2128 1099 2196; baseline -0.001 -12"><span class='ocrx_word' id='word_1_216' title='bbox 176 2134 210 2184; x_wconf 78' lang='lat' dir='ltr'><em>aci</em></span> <span class='ocrx_word' id='word_1_217' title='bbox 227 2132 319 2195; x_wconf 79' lang='lat' dir='ltr'><em>Sigon.</em></span> <span class='ocrx_word' id='word_1_218' title='bbox 343 2131 372 2181; x_wconf 88' lang='lat' dir='ltr'><em>de</em></span> <span class='ocrx_word' id='word_1_219' title='bbox 395 2131 481 2182; x_wconf 88' lang='lat' dir='ltr'><em>Judic.</em></span> <span class='ocrx_word' id='word_1_220' title='bbox 502 2131 533 2180; x_wconf 90' lang='lat' dir='ltr'><em>ii.</em></span> <span class='ocrx_word' id='word_1_221' title='bbox 548 2135 572 2180; x_wconf 85' lang='grc'><em>4.</em></span> <span class='ocrx_word' id='word_1_222' title='bbox 601 2128 748 2188; x_wconf 82' lang='lat' dir='ltr'><em>Caeterum,</em></span> <span class='ocrx_word' id='word_1_223' title='bbox 769 2143 829 2178; x_wconf 88' lang='lat' dir='ltr'><em>cum</em></span> <span class='ocrx_word' id='word_1_224' title='bbox 846 2143 1007 2196; x_wconf 81' lang='lat' dir='ltr'><em>cognoscere</em></span> <span class='ocrx_word' id='word_1_225' title='bbox 1018 2132 1099 2184; x_wconf 88' lang='lat' dir='ltr'><em>etiam</em></span> 
     </span>
     <span class='ocr_line' id='line_1_27' title="bbox 176 2198 1098 2266; baseline 0 -13"><span class='ocrx_word' id='word_1_226' title='bbox 176 2202 280 2254; x_wconf 88' lang='lat' dir='ltr'><em>dicatur</em></span> <span class='ocrx_word' id='word_1_227' title='bbox 290 2201 320 2251; x_wconf 89' lang='lat' dir='ltr'><em>de</em></span> <span class='ocrx_word' id='word_1_228' title='bbox 339 2200 475 2250; x_wconf 84' lang='lat' dir='ltr'><em>ordinario</em></span> <span class='ocrx_word' id='word_1_229' title='bbox 484 2201 556 2264; x_wconf 77' lang='lat' dir='ltr'><em>jure,</em></span> <span class='ocrx_word' id='word_1_230' title='bbox 570 2199 636 2263; x_wconf 86' lang='lat' dir='ltr'><em>quod</em></span> <span class='ocrx_word' id='word_1_231' title='bbox 647 2214 723 2249; x_wconf 85' lang='lat' dir='ltr'><em>neom</em></span> <span class='ocrx_word' id='word_1_232' title='bbox 735 2198 765 2248; x_wconf 88' lang='lat' dir='ltr'><em>in</em></span> <span class='ocrx_word' id='word_1_233' title='bbox 776 2198 885 2248; x_wconf 80' lang='lat' dir='ltr'><em>dulium</em></span> <span class='ocrx_word' id='word_1_234' title='bbox 900 2214 991 2252; x_wconf 81' lang='lat' dir='ltr'><em>uocare</em></span> <span class='ocrx_word' id='word_1_235' title='bbox 1008 2207 1098 2266; x_wconf 87' lang='lat' dir='ltr'><em>potest,</em></span> 
     </span>
     <span class='ocr_line' id='line_1_28' title="bbox 176 2267 1099 2334; baseline 0.001 -12"><span class='ocrx_word' id='word_1_236' title='bbox 176 2277 222 2322; x_wconf 89' lang='lat' dir='ltr'><em>aut</em></span> <span class='ocrx_word' id='word_1_237' title='bbox 233 2270 340 2327; x_wconf 87' lang='lat' dir='ltr'><em>uocauit,</em></span> <span class='ocrx_word' id='word_1_238' title='bbox 354 2284 407 2319; x_wconf 90' lang='lat' dir='ltr'><em>non</em></span> <span class='ocrx_word' id='word_1_239' title='bbox 426 2270 507 2326; x_wconf 81' lang='lat' dir='ltr'><em>uideo.</em></span> <span class='ocrx_word' id='word_1_240' title='bbox 521 2283 600 2332; x_wconf 75' lang='lat' dir='ltr'><em>arture</em></span> <span class='ocrx_word' id='word_1_241' title='bbox 623 2283 677 2318; x_wconf 89' lang='lat' dir='ltr'><em>nan</em></span> <span class='ocrx_word' id='word_1_242' title='bbox 688 2275 711 2318; x_wconf 87' lang='lat' dir='ltr'><em>et</em></span> <span class='ocrx_word' id='word_1_243' title='bbox 723 2267 842 2334; x_wconf 75' lang='lat' dir='ltr'><em>cognitio</em></span> <span class='ocrx_word' id='word_1_244' title='bbox 862 2271 972 2333; x_wconf 82' lang='lat' dir='ltr'><em>proprie</em></span> <span class='ocrx_word' id='word_1_245' title='bbox 984 2271 1017 2320; x_wconf 85' lang='lat' dir='ltr'><em>sit</em></span> <span class='ocrx_word' id='word_1_246' title='bbox 1029 2286 1099 2323; x_wconf 75' lang='lat' dir='ltr'><em>com</em></span> 
     </span>
     <span class='ocr_line' id='line_1_29' title="bbox 175 2338 1097 2401; baseline -0.001 -9"><span class='ocrx_word' id='word_1_247' title='bbox 175 2340 264 2392; x_wconf 89' lang='lat' dir='ltr'><em>munis</em></span> <span class='ocrx_word' id='word_1_248' title='bbox 276 2338 421 2388; x_wconf 86' lang='lat' dir='ltr'><em>ordinariis</em></span> <span class='ocrx_word' id='word_1_249' title='bbox 433 2343 458 2388; x_wconf 92' lang='lat' dir='ltr'><em>et</em></span> <span class='ocrx_word' id='word_1_250' title='bbox 470 2338 691 2390; x_wconf 74' lang='lat' dir='ltr'><em>entraordinariis</em></span> <span class='ocrx_word' id='word_1_251' title='bbox 703 2338 795 2396; x_wconf 85' lang='lat' dir='ltr'><em>causis,</em></span> <span class='ocrx_word' id='word_1_252' title='bbox 809 2343 832 2387; x_wconf 91' lang='lat' dir='ltr'><em>et</em></span> <span class='ocrx_word' id='word_1_253' title='bbox 844 2339 926 2388; x_wconf 80' lang='grc'><strong>1511111</strong></span> <span class='ocrx_word' id='word_1_254' title='bbox 938 2339 1041 2390; x_wconf 74' lang='grc'><strong>1111111111</strong></span> <span class='ocrx_word' id='word_1_255' title='bbox 1053 2341 1097 2401; x_wconf 84' lang='lat' dir='ltr'><em>sit,</em></span> 
     </span>
     <span class='ocr_line' id='line_1_30' title="bbox 175 2407 1097 2473; baseline 0.001 -12"><span class='ocrx_word' id='word_1_256' title='bbox 175 2416 200 2461; x_wconf 88' lang='lat' dir='ltr'><em>et</em></span> <span class='ocrx_word' id='word_1_257' title='bbox 209 2423 259 2473; x_wconf 87' lang='lat' dir='ltr'><em>per</em></span> <span class='ocrx_word' id='word_1_258' title='bbox 270 2407 376 2471; x_wconf 81' lang='lat' dir='ltr'><em>ellipsin</em></span> <span class='ocrx_word' id='word_1_259' title='bbox 387 2408 525 2472; x_wconf 77' lang='lat' dir='ltr'><em>quandam</em></span> <span class='ocrx_word' id='word_1_260' title='bbox 538 2407 572 2458; x_wconf 86' lang='lat' dir='ltr'><em>ad</em></span> <span class='ocrx_word' id='word_1_261' title='bbox 582 2407 806 2458; x_wconf 80' lang='lat' dir='ltr'><em>entraordinarius</em></span> <span class='ocrx_word' id='word_1_262' title='bbox 817 2408 944 2458; x_wconf 83' lang='lat' dir='ltr'><em>traducta.</em></span> <span class='ocrx_word' id='word_1_263' title='bbox 969 2409 1015 2459; x_wconf 84' lang='lat' dir='ltr'><em>Sic</em></span> <span class='ocrx_word' id='word_1_264' title='bbox 1026 2410 1097 2462; x_wconf 85' lang='lat' dir='ltr'><em>Suet.</em></span> 
     </span>
     <span class='ocr_line' id='line_1_31' title="bbox 176 2476 1098 2544; baseline 0.002 -14"><span class='ocrx_word' id='word_1_265' title='bbox 176 2476 268 2530; x_wconf 85' lang='lat' dir='ltr'><em>Claud.</em></span> <span class='ocrx_word' id='word_1_266' title='bbox 284 2478 324 2528; x_wconf 93' lang='grc'><em>12.</em></span> <span class='ocrx_word' id='word_1_267' title='bbox 337 2477 528 2540; x_wconf 69' lang='lat' dir='ltr'><em>cognitionibus</em></span> <span class='ocrx_word' id='word_1_268' title='bbox 552 2477 757 2544; x_wconf 84' lang='lat' dir='ltr'><em>magistratuum</em></span> <span class='ocrx_word' id='word_1_269' title='bbox 777 2481 914 2544; x_wconf 80' lang='lat' dir='ltr'><em>tamquam</em></span> <span class='ocrx_word' id='word_1_270' title='bbox 933 2480 1098 2532; x_wconf 82' lang='lat' dir='ltr'><em>consiliarius</em></span> 
     </span>
     <span class='ocr_line' id='line_1_32' title="bbox 176 2545 1097 2613; baseline 0.002 -14"><span class='ocrx_word' id='word_1_271' title='bbox 176 2547 310 2607; x_wconf 77' lang='lat' dir='ltr'><em>interluit.</em></span> <span class='ocrx_word' id='word_1_272' title='bbox 337 2546 372 2613; x_wconf 79' lang='lat' dir='ltr'><em>cs.</em></span> <span class='ocrx_word' id='word_1_273' title='bbox 388 2545 451 2600; x_wconf 77' lang='lat' dir='ltr'><em>Til.</em></span> <span class='ocrx_word' id='word_1_274' title='bbox 464 2547 585 2604; x_wconf 71' lang='grc'><strong>3111111</strong></span> <span class='ocrx_word' id='word_1_275' title='bbox 604 2550 674 2612; x_wconf 86' lang='lat' dir='ltr'><em>apud</em></span> <span class='ocrx_word' id='word_1_276' title='bbox 692 2547 780 2612; x_wconf 76' lang='lat' dir='ltr'><em>ipsium</em></span> <span class='ocrx_word' id='word_1_277' title='bbox 799 2546 855 2598; x_wconf 85' lang='lat' dir='ltr'><em>Cic.</em></span> <span class='ocrx_word' id='word_1_278' title='bbox 887 2546 965 2599; x_wconf 89' lang='lat' dir='ltr'><em>Brut.</em></span> <span class='ocrx_word' id='word_1_279' title='bbox 977 2551 1020 2598; x_wconf 90' lang='grc'><em>22.</em></span> <span class='ocrx_word' id='word_1_280' title='bbox 1034 2565 1097 2602; x_wconf 89' lang='lat' dir='ltr'><em>cnm</em></span> 
     </span>
     <span class='ocr_line' id='line_1_33' title="bbox 176 2616 1095 2682; baseline 0.001 -14"><span class='ocrx_word' id='word_1_281' title='bbox 176 2616 233 2670; x_wconf 91' lang='lat' dir='ltr'><em>dies</em></span> <span class='ocrx_word' id='word_1_282' title='bbox 254 2616 410 2680; x_wconf 78' lang='lat' dir='ltr'><em>cognitionis</em></span> <span class='ocrx_word' id='word_1_283' title='bbox 422 2622 503 2677; x_wconf 84' lang='lat' dir='ltr'><em>esset,</em></span> <span class='ocrx_word' id='word_1_284' title='bbox 514 2632 564 2682; x_wconf 87' lang='lat' dir='ltr'><em>pra</em></span> <span class='ocrx_word' id='word_1_285' title='bbox 576 2617 617 2672; x_wconf 79' lang='lat' dir='ltr'><em>die</em></span> <span class='ocrx_word' id='word_1_286' title='bbox 623 2617 723 2682; x_wconf 77' lang='lat' dir='ltr'><em>judicii</em></span> <span class='ocrx_word' id='word_1_287' title='bbox 735 2623 759 2668; x_wconf 92' lang='lat' dir='ltr'><em>et</em></span> <span class='ocrx_word' id='word_1_288' title='bbox 771 2617 826 2682; x_wconf 77' lang='lat' dir='ltr'><em>ejsn</em></span> <span class='ocrx_word' id='word_1_289' title='bbox 839 2617 942 2681; x_wconf 69' lang='lat' dir='ltr'><em>pumero</em></span> <span class='ocrx_word' id='word_1_290' title='bbox 954 2618 1095 2671; x_wconf 81' lang='lat' dir='ltr'><em>ordinarii.</em></span> 
     </span>
     <span class='ocr_line' id='line_1_34' title="bbox 175 2685 1096 2754; baseline 0.002 -15"><span class='ocrx_word' id='word_1_291' title='bbox 175 2686 254 2739; x_wconf 88' lang='lat' dir='ltr'><em>Verr.</em></span> <span class='ocrx_word' id='word_1_292' title='bbox 268 2688 296 2737; x_wconf 90' lang='grc'><em>11.</em></span> <span class='ocrx_word' id='word_1_293' title='bbox 309 2688 352 2737; x_wconf 90' lang='grc'><em>25.</em></span> <span class='ocrx_word' id='word_1_294' title='bbox 371 2687 401 2737; x_wconf 88' lang='lat' dir='ltr'><em>de</em></span> <span class='ocrx_word' id='word_1_295' title='bbox 402 2687 506 2752; x_wconf 79' lang='lat' dir='ltr'><em>jstdicio</em></span> <span class='ocrx_word' id='word_1_296' title='bbox 514 2685 635 2752; x_wconf 69' lang='lat' dir='ltr'><em>defalta:</em></span> <span class='ocrx_word' id='word_1_297' title='bbox 654 2702 688 2738; x_wconf 88' lang='lat' dir='ltr'><em>nc</em></span> <span class='ocrx_word' id='word_1_298' title='bbox 701 2687 974 2754; x_wconf 84' lang='lat' dir='ltr'><em>qnaipsiuscognitio‚</em></span> <span class='ocrx_word' id='word_1_299' title='bbox 983 2689 1096 2741; x_wconf 81' lang='lat' dir='ltr'><em>absente</em></span> 
     </span>
     <span class='ocr_line' id='line_1_35' title="bbox 175 2755 1095 2826; baseline 0.002 -18"><span class='ocrx_word' id='word_1_300' title='bbox 175 2758 231 2815; x_wconf 84' lang='lat' dir='ltr'><em>iilo,</em></span> <span class='ocrx_word' id='word_1_301' title='bbox 245 2757 279 2808; x_wconf 90' lang='lat' dir='ltr'><em>de</em></span> <span class='ocrx_word' id='word_1_302' title='bbox 291 2757 494 2808; x_wconf 80' lang='lat' dir='ltr'><em>existimatione</em></span> <span class='ocrx_word' id='word_1_303' title='bbox 507 2760 563 2824; x_wconf 86' lang='lat' dir='ltr'><em>ejus</em></span> <span class='ocrx_word' id='word_1_304' title='bbox 577 2757 798 2808; x_wconf 83' lang='lat' dir='ltr'><em>constitueretur.</em></span> <span class='ocrx_word' id='word_1_305' title='bbox 835 2755 881 2807; x_wconf 84' lang='lat' dir='ltr'><em>Sic</em></span> <span class='ocrx_word' id='word_1_306' title='bbox 899 2762 922 2807; x_wconf 88' lang='lat' dir='ltr'><em>et</em></span> <span class='ocrx_word' id='word_1_307' title='bbox 934 2773 1095 2826; x_wconf 79' lang='lat' dir='ltr'><em>cognoscere</em></span> 
     </span>
     <span class='ocr_line' id='line_1_36' title="bbox 174 2825 1094 2889; baseline 0.002 -13"><span class='ocrx_word' id='word_1_308' title='bbox 174 2825 306 2878; x_wconf 89' lang='lat' dir='ltr'><em>interdum</em></span> <span class='ocrx_word' id='word_1_309' title='bbox 327 2825 482 2889; x_wconf 89' lang='lat' dir='ltr'><em>simpliciter</em></span> <span class='ocrx_word' id='word_1_310' title='bbox 497 2827 526 2878; x_wconf 89' lang='lat' dir='ltr'><em>de</em></span> <span class='ocrx_word' id='word_1_311' title='bbox 539 2841 617 2877; x_wconf 82' lang='lat' dir='ltr'><em>musa</em></span> <span class='ocrx_word' id='word_1_312' title='bbox 627 2827 839 2878; x_wconf 69' lang='lat' dir='ltr'><em>entraordinariis</em></span> <span class='ocrx_word' id='word_1_313' title='bbox 850 2825 954 2887; x_wconf 68' lang='lat' dir='ltr'><em>almior,</em></span> <span class='ocrx_word' id='word_1_314' title='bbox 975 2834 1004 2878; x_wconf 88' lang='lat' dir='ltr'><em>nt</em></span> <span class='ocrx_word' id='word_1_315' title='bbox 1018 2827 1094 2880; x_wconf 91' lang='lat' dir='ltr'><em>Verr.</em></span> 
     </span>
     <span class='ocr_line' id='line_1_37' title="bbox 174 2895 1094 2962; baseline 0.003 -17"><span class='ocrx_word' id='word_1_316' title='bbox 174 2895 260 2947; x_wconf 86' lang='lat' dir='ltr'><em>ii.l3.</em></span> <span class='ocrx_word' id='word_1_317' title='bbox 279 2909 304 2945; x_wconf 82' lang='grc'><em>11</em></span> <span class='ocrx_word' id='word_1_318' title='bbox 329 2895 504 2957; x_wconf 84' lang='lat' dir='ltr'><em>cogniturum.</em></span> <span class='ocrx_word' id='word_1_319' title='bbox 530 2900 585 2947; x_wconf 89' lang='lat' dir='ltr'><em>etc.</em></span> <span class='ocrx_word' id='word_1_320' title='bbox 615 2897 646 2947; x_wconf 88' lang='lat' dir='ltr'><em>de</em></span> <span class='ocrx_word' id='word_1_321' title='bbox 666 2897 743 2946; x_wconf 79' lang='lat' dir='ltr'><em>reim</em></span> <span class='ocrx_word' id='word_1_322' title='bbox 766 2895 985 2946; x_wconf 75' lang='lat' dir='ltr'><em>entraordinariis</em></span> <span class='ocrx_word' id='word_1_323' title='bbox 1008 2898 1094 2962; x_wconf 89' lang='lat' dir='ltr'><em>accipe</em></span> 
     </span>
     <span class='ocr_line' id='line_1_38' title="bbox 173 2964 1097 3033; baseline 0.001 -17"><span class='ocrx_word' id='word_1_324' title='bbox 173 2964 255 3016; x_wconf 84' lang='lat' dir='ltr'><em>eiiam</em></span> <span class='ocrx_word' id='word_1_325' title='bbox 277 2965 343 3032; x_wconf 81' lang='lat' dir='ltr'><em>Agr.</em></span> <span class='ocrx_word' id='word_1_326' title='bbox 365 2965 395 3015; x_wconf 88' lang='lat' dir='ltr'><em>ii.</em></span> <span class='ocrx_word' id='word_1_327' title='bbox 415 2967 460 3015; x_wconf 85' lang='grc'><em>22.</em></span> <span class='ocrx_word' id='word_1_328' title='bbox 488 2966 663 3029; x_wconf 67' lang='lat' dir='ltr'><em>cognitionem</em></span> <span class='ocrx_word' id='word_1_329' title='bbox 679 2981 811 3033; x_wconf 81' lang='lat' dir='ltr'><em>agrorum,</em></span> <span class='ocrx_word' id='word_1_330' title='bbox 828 2966 855 3014; x_wconf 80' lang='lat' dir='ltr'><em>o.</em></span> <span class='ocrx_word' id='word_1_331' title='bbox 876 2980 898 3015; x_wconf 88' lang='lat' dir='ltr'><em>e.</em></span> <span class='ocrx_word' id='word_1_332' title='bbox 917 2965 947 3013; x_wconf 87' lang='lat' dir='ltr'><em>de</em></span> <span class='ocrx_word' id='word_1_333' title='bbox 958 2966 1047 3027; x_wconf 86' lang='lat' dir='ltr'><em>agris:</em></span> <span class='ocrx_word' id='word_1_334' title='bbox 1066 2970 1097 3017; x_wconf 87' lang='lat' dir='ltr'><em>ct</em></span> 
     </span>
     <span class='ocr_line' id='line_1_39' title="bbox 173 3032 1095 3100; baseline 0.002 -16"><span class='ocrx_word' id='word_1_335' title='bbox 173 3034 239 3086; x_wconf 81' lang='lat' dir='ltr'><em>ibid.</em></span> <span class='ocrx_word' id='word_1_336' title='bbox 258 3037 301 3085; x_wconf 90' lang='grc'><strong>21.</strong></span> <span class='ocrx_word' id='word_1_337' title='bbox 314 3034 489 3098; x_wconf 77' lang='lat' dir='ltr'><em>cognitionem</em></span> <span class='ocrx_word' id='word_1_338' title='bbox 509 3035 703 3087; x_wconf 85' lang='lat' dir='ltr'><em>decemvirum.</em></span> <span class='ocrx_word' id='word_1_339' title='bbox 722 3033 738 3066; x_wconf 91' lang='lat'>*</span> <span class='ocrx_word' id='word_1_340' title='bbox 749 3034 829 3091; x_wconf 84' lang='lat' dir='ltr'><em>notio,</em></span> <span class='ocrx_word' id='word_1_341' title='bbox 844 3032 908 3098; x_wconf 83' lang='lat' dir='ltr'><em>Leg.</em></span> <span class='ocrx_word' id='word_1_342' title='bbox 922 3033 950 3082; x_wconf 92' lang='lat' dir='ltr'><em>ii.</em></span> <span class='ocrx_word' id='word_1_343' title='bbox 966 3036 1006 3082; x_wconf 83' lang='grc'><em>19.</em></span> <span class='ocrx_word' id='word_1_344' title='bbox 1024 3033 1095 3100; x_wconf 80' lang='lat' dir='ltr'><em>quuad</em></span> 
     </span>
     <span class='ocr_line' id='line_1_40' title="bbox 169 3101 1091 3170; baseline 0 -16"><span class='ocrx_word' id='word_1_345' title='bbox 169 3105 289 3170; x_wconf 89' lang='lat' dir='ltr'><em>positum</em></span> <span class='ocrx_word' id='word_1_346' title='bbox 309 3108 351 3154; x_wconf 81' lang='lat' dir='ltr'><em>est</em></span> <span class='ocrx_word' id='word_1_347' title='bbox 373 3104 399 3154; x_wconf 93' lang='lat' dir='ltr'><em>in</em></span> <span class='ocrx_word' id='word_1_348' title='bbox 420 3119 471 3155; x_wconf 83' lang='lat' dir='ltr'><em>una</em></span> <span class='ocrx_word' id='word_1_349' title='bbox 490 3105 645 3168; x_wconf 80' lang='lat' dir='ltr'><em>cognitione,</em></span> <span class='ocrx_word' id='word_1_350' title='bbox 658 3102 693 3154; x_wconf 25' lang='lat' dir='ltr'><em>rid</em></span> <span class='ocrx_word' id='word_1_351' title='bbox 716 3103 743 3153; x_wconf 91' lang='grc'><em>111</em></span> <span class='ocrx_word' id='word_1_352' title='bbox 764 3101 867 3152; x_wconf 85' lang='lat' dir='ltr'><em>infinita</em></span> <span class='ocrx_word' id='word_1_353' title='bbox 885 3101 1091 3167; x_wconf 87' lang='lat' dir='ltr'><em>dispartiuntur.</em></span> 
     </span>
     <span class='ocr_line' id='line_1_41' title="bbox 170 3169 959 3234; baseline -0.006 -9"><span class='ocrx_word' id='word_1_354' title='bbox 170 3172 186 3205; x_wconf 86' lang='grc'><strong><em>*</em></strong></span> <span class='ocrx_word' id='word_1_355' title='bbox 196 3173 300 3233; x_wconf 87' lang='lat' dir='ltr'><em>notitia,</em></span> <span class='ocrx_word' id='word_1_356' title='bbox 314 3171 380 3223; x_wconf 82' lang='lat' dir='ltr'><em>Nat.</em></span> <span class='ocrx_word' id='word_1_357' title='bbox 394 3172 457 3223; x_wconf 63' lang='grc'><strong>111.</strong></span> <span class='ocrx_word' id='word_1_358' title='bbox 472 3178 512 3225; x_wconf 84' lang='grc'><em>17.</em></span> <span class='ocrx_word' id='word_1_359' title='bbox 533 3175 641 3227; x_wconf 82' lang='lat' dir='ltr'><em>innatae</em></span> <span class='ocrx_word' id='word_1_360' title='bbox 660 3172 819 3234; x_wconf 77' lang='lat' dir='ltr'><em>cognitiones</em></span> <span class='ocrx_word' id='word_1_361' title='bbox 833 3169 959 3222; x_wconf 87' lang='lat' dir='ltr'><em>Deorum.</em></span> 
     </span>
    </p>
   </div>
   <div class='ocr_carea' id='block_1_3' title="bbox 66 3240 1093 3313">
    <p class='ocr_par' dir='ltr' id='par_1_6' title="bbox 66 3240 1093 3313">
     <span class='ocr_line' id='line_1_42' title="bbox 66 3240 1093 3313; baseline 0.001 -21"><span class='ocrx_word' id='word_1_362' title='bbox 66 3297 75 3313; x_wconf 62' lang='lat'><em>=.</em></span> <span class='ocrx_word' id='word_1_363' title='bbox 166 3273 169 3278; x_wconf 90' lang='lat'>-</span> <span class='ocrx_word' id='word_1_364' title='bbox 203 3240 398 3310; x_wconf 74' lang='grc'><strong>0111111111,1)</strong></span> <span class='ocrx_word' id='word_1_365' title='bbox 416 3247 467 3301; x_wconf 90' lang='lat' dir='ltr'><em>est,</em></span> <span class='ocrx_word' id='word_1_366' title='bbox 482 3243 529 3307; x_wconf 80' lang='lat' dir='ltr'><em>qni</em></span> <span class='ocrx_word' id='word_1_367' title='bbox 539 3244 613 3295; x_wconf 83' lang='lat' dir='ltr'><em>nolis</em></span> <span class='ocrx_word' id='word_1_368' title='bbox 628 3241 699 3292; x_wconf 87' lang='lat' dir='ltr'><em>testis</em></span> <span class='ocrx_word' id='word_1_369' title='bbox 710 3247 754 3296; x_wconf 84' lang='lat' dir='ltr'><em>est.</em></span> <span class='ocrx_word' id='word_1_370' title='bbox 767 3255 941 3299; x_wconf 80' lang='lat' dir='ltr'><em>cessassem,</em></span> <span class='ocrx_word' id='word_1_371' title='bbox 954 3240 1093 3305; x_wconf 65' lang='grc'><strong>1111111111-</strong></span> 
     </span>
    </p>
   </div>
   <div class='ocr_carea' id='block_1_4' title="bbox 168 3308 1095 3590">
    <p class='ocr_par' dir='ltr' id='par_1_7' title="bbox 168 3308 1095 3590">
     <span class='ocr_line' id='line_1_43' title="bbox 170 3308 1093 3378; baseline 0.003 -16"><span class='ocrx_word' id='word_1_372' title='bbox 170 3326 300 3371; x_wconf 80' lang='lat' dir='ltr'><em>muscose,</em></span> <span class='ocrx_word' id='word_1_373' title='bbox 314 3317 338 3363; x_wconf 89' lang='lat' dir='ltr'><em>et</em></span> <span class='ocrx_word' id='word_1_374' title='bbox 358 3312 497 3378; x_wconf 76' lang='lat' dir='ltr'><em>mrtjlmmt</em></span> <span class='ocrx_word' id='word_1_375' title='bbox 508 3328 554 3364; x_wconf 89' lang='lat' dir='ltr'><em>nos</em></span> <span class='ocrx_word' id='word_1_376' title='bbox 565 3312 617 3363; x_wconf 84' lang='lat' dir='ltr'><em>sili</em></span> <span class='ocrx_word' id='word_1_377' title='bbox 628 3308 742 3372; x_wconf 80' lang='lat' dir='ltr'><em>cognrtas</em></span> <span class='ocrx_word' id='word_1_378' title='bbox 754 3324 814 3359; x_wconf 83' lang='lat' dir='ltr'><em>esse.</em></span> <span class='ocrx_word' id='word_1_379' title='bbox 832 3308 912 3361; x_wconf 88' lang='lat' dir='ltr'><em>Verr.</em></span> <span class='ocrx_word' id='word_1_380' title='bbox 926 3310 944 3361; x_wconf 94' lang='lat' dir='ltr'><em>i.</em></span> <span class='ocrx_word' id='word_1_381' title='bbox 958 3312 983 3360; x_wconf 87' lang='grc'><em>5.</em></span> <span class='ocrx_word' id='word_1_382' title='bbox 1002 3311 1093 3365; x_wconf 84' lang='lat' dir='ltr'><em>civem</em></span> 
     </span>
     <span class='ocr_line' id='line_1_44' title="bbox 170 3377 1094 3448; baseline 0.002 -17"><span class='ocrx_word' id='word_1_383' title='bbox 170 3379 329 3439; x_wconf 81' lang='lat' dir='ltr'><em>Romanum.</em></span> <span class='ocrx_word' id='word_1_384' title='bbox 354 3383 400 3448; x_wconf 91' lang='lat' dir='ltr'><em>qui</em></span> <span class='ocrx_word' id='word_1_385' title='bbox 421 3382 564 3445; x_wconf 85' lang='lat' dir='ltr'><em>cognitores</em></span> <span class='ocrx_word' id='word_1_386' title='bbox 577 3383 700 3431; x_wconf 86' lang='lat' dir='ltr'><em>honestas</em></span> <span class='ocrx_word' id='word_1_387' title='bbox 724 3377 812 3437; x_wconf 79' lang='lat' dir='ltr'><em>daret,</em></span> <span class='ocrx_word' id='word_1_388' title='bbox 833 3379 970 3431; x_wconf 82' lang='lat' dir='ltr'><em>sublatum</em></span> <span class='ocrx_word' id='word_1_389' title='bbox 993 3382 1094 3434; x_wconf 83' lang='lat' dir='ltr'><em>esseio</em></span> 
     </span>
     <span class='ocr_line' id='line_1_45' title="bbox 168 3447 1093 3515; baseline 0.004 -16"><span class='ocrx_word' id='word_1_390' title='bbox 168 3465 285 3502; x_wconf 88' lang='lat' dir='ltr'><em>crucem.</em></span> <span class='ocrx_word' id='word_1_391' title='bbox 307 3450 384 3502; x_wconf 89' lang='lat' dir='ltr'><em>Verr.</em></span> <span class='ocrx_word' id='word_1_392' title='bbox 398 3468 424 3503; x_wconf 86' lang='lat' dir='ltr'><em>v.</em></span> <span class='ocrx_word' id='word_1_393' title='bbox 439 3453 481 3501; x_wconf 88' lang='grc'><em>65.</em></span> <span class='ocrx_word' id='word_1_394' title='bbox 506 3451 666 3515; x_wconf 84' lang='lat' dir='ltr'><em>cognitorem</em></span> <span class='ocrx_word' id='word_1_395' title='bbox 680 3448 844 3514; x_wconf 88' lang='lat' dir='ltr'><em>locupletem</em></span> <span class='ocrx_word' id='word_1_396' title='bbox 863 3447 937 3501; x_wconf 78' lang='lat' dir='ltr'><em>dore.</em></span> <span class='ocrx_word' id='word_1_397' title='bbox 961 3449 1026 3502; x_wconf 89' lang='lat' dir='ltr'><em>ibid.</em></span> <span class='ocrx_word' id='word_1_398' title='bbox 1040 3465 1093 3504; x_wconf 90' lang='lat' dir='ltr'><em>uon</em></span> 
     </span>
     <span class='ocr_line' id='line_1_46' title="bbox 171 3518 1095 3590; baseline 0.004 -23"><span class='ocrx_word' id='word_1_399' title='bbox 171 3532 279 3584; x_wconf 87' lang='lat' dir='ltr'><em>semper</em></span> <span class='ocrx_word' id='word_1_400' title='bbox 299 3536 362 3571; x_wconf 86' lang='lat' dir='ltr'><em>cum</em></span> <span class='ocrx_word' id='word_1_401' title='bbox 384 3521 560 3584; x_wconf 73' lang='lat' dir='ltr'><em>cognitoribus</em></span> <span class='ocrx_word' id='word_1_402' title='bbox 571 3534 630 3571; x_wconf 88' lang='lat' dir='ltr'><em>esse</em></span> <span class='ocrx_word' id='word_1_403' title='bbox 651 3524 770 3585; x_wconf 88' lang='lat' dir='ltr'><em>possunt.</em></span> <span class='ocrx_word' id='word_1_404' title='bbox 800 3518 865 3570; x_wconf 90' lang='lat' dir='ltr'><em>Jam</em></span> <span class='ocrx_word' id='word_1_405' title='bbox 883 3518 913 3590; x_wconf 90' lang='grc'><em>2)</em></span> <span class='ocrx_word' id='word_1_406' title='bbox 931 3520 994 3585; x_wconf 81' lang='lat' dir='ltr'><em>puio</em></span> <span class='ocrx_word' id='word_1_407' title='bbox 1005 3520 1095 3584; x_wconf 69' lang='grc'><strong>11111111-</strong></span> 
     </span>
    </p>
   </div>
   <div class='ocr_carea' id='block_1_5' title="bbox 165 3587 1094 3657">
    <p class='ocr_par' dir='ltr' id='par_1_8' title="bbox 165 3587 1094 3657">
     <span class='ocr_line' id='line_1_47' title="bbox 165 3587 1094 3657; baseline 0.008 -21"><span class='ocrx_word' id='word_1_408' title='bbox 165 3587 239 3637; x_wconf 80' lang='lat' dir='ltr'><em>enodi</em></span> <span class='ocrx_word' id='word_1_409' title='bbox 249 3589 367 3641; x_wconf 81' lang='lat' dir='ltr'><em>nomines</em></span> <span class='ocrx_word' id='word_1_410' title='bbox 378 3596 438 3641; x_wconf 87' lang='lat' dir='ltr'><em>sunt</em></span> <span class='ocrx_word' id='word_1_411' title='bbox 449 3590 483 3650; x_wconf 86' lang='lat' dir='ltr'><em>ei,</em></span> <span class='ocrx_word' id='word_1_412' title='bbox 496 3588 569 3654; x_wconf 76' lang='lat' dir='ltr'><em>cujus</em></span> <span class='ocrx_word' id='word_1_413' title='bbox 586 3589 733 3654; x_wconf 69' lang='lat' dir='ltr'><em>comunes</em></span> <span class='ocrx_word' id='word_1_414' title='bbox 744 3595 813 3651; x_wconf 83' lang='lat' dir='ltr'><em>sunt.</em></span> <span class='ocrx_word' id='word_1_415' title='bbox 826 3595 943 3643; x_wconf 85' lang='lat' dir='ltr'><em>auctores</em></span> <span class='ocrx_word' id='word_1_416' title='bbox 964 3596 989 3642; x_wconf 89' lang='lat' dir='ltr'><em>et</em></span> <span class='ocrx_word' id='word_1_417' title='bbox 1007 3587 1094 3657; x_wconf 67' lang='lat' dir='ltr'><em>desen</em></span> 
     </span>
    </p>
   </div>
   <div class='ocr_carea' id='block_1_6' title="bbox 0 0 1288 4209">
    <p class='ocr_par' dir='ltr' id='par_1_9' title="bbox 0 0 1288 4209">
     <span class='ocr_line' id='line_1_48' title="bbox 0 0 1288 4209; baseline 0 1"><span class='ocrx_word' id='word_1_418' title='bbox 0 0 1288 4209; x_wconf 95' lang='lat' dir='ltr'><em> </em></span> 
     </span>
    </p>
   </div>
  </div>
 </body>
</html>
