2567 4209
199 311 265 372 uss
602 291 720 353 wll-'³¹
791 311 795 322 ’

235 460 353 512 Βιηεοιι
371 457 476 517 dicitur,
485 454 529 508 etri
539 456 665 508 mondum
673 462 709 508 est
720 456 750 508 in
758 455 920 508 coloniorum
931 456 1079 510 umerum
1093 467 1119 514 ct

199 546 231 581 eu
243 531 296 592 lege
308 527 431 591 Agraria
442 540 570 591 agrorum
583 526 653 577 inter
663 526 765 577 comesos
776 526 934 578 distributio.
965 524 1035 578 Phil.
1045 531 1082 581 xi.
1091 533 1117 581 6.

220 600 316 650 simum
328 597 393 647 duos
405 597 521 665 collegas
533 595 712 647 Antoniorum
720 601 751 646 et
760 594 916 647 Dolabellae
937 594 1070 650 Nuculam
1086 604 1118 651 et

199 611 358 724 frontonem.
372 665 468 717 ltaliae
481 664 604 716 diuisores
613 666 673 731 lege
681 680 722 723 es,
732 679 811 732 quam
824 667 936 730 pervim
946 665 1029 716 latam
1041 683 1118 719 seua·

199 741 243 789 tus
259 736 400 803 Judioavit.
414 734 477 786 idid.
490 751 517 787 r.
530 738 555 786 t.
574 738 681 785 tautum
700 735 811 801 quisque
831 736 949 786 habebat
971 751 1115 800 possessor,

198 812 329 874 quantum
355 805 501 871 reliquerat
522 803 773 854 diuisorAntouius.
792 802 949 855 *divisores
960 811 1020 856 sum
1036 807 1118 857 etium

197 876 268 927 inim
280 889 371 940 operes
382 879 535 938 campestres
548 872 577 923 iu
594 873 717 923 comdiis.
755 870 821 923 Har.
835 873 918 938 Resp.
930 875 974 924 20.
990 874 1116 926 diuisores

198 945 319 996 omnium
330 944 448 994 triduum
460 941 531 994 domi
541 943 598 1007 ipse
607 956 670 993 suae
679 940 863 993 erudelissima
875 948 961 995 morte
971 949 1114 996 mactaret.

198 1013 232 1065 ir.
244 1012 351 1065 Cornel.
365 1017 389 1062 1.
408 1011 458 1063 nisi
471 1026 557 1077 poene
569 1011 727 1062 accessisset
741 1013 767 1062 in
785 1011 919 1062 diuisores.
956 1010 1114 1064 Mureu.26.

198 1082 233 1134 de
244 1082 388 1133 divisorum
401 1079 514 1138 indiciis.
527 1087 558 1131 et
579 1079 613 1131 de
631 1080 806 1145 deprehensis
827 1082 948 1146 pecuniis
960 1107 972 1119 ·
982 1118 994 1129 .
1006 1097 1115 1148 respou-

198 1151 277 1203 deno.
298 1150 384 1202 Petu„
393 1149 472 1200 Cous.
488 1154 527 1200 14.
557 1151 581 1199 si
594 1149 718 1199 diuisores
731 1149 821 1215 eliqua
833 1151 939 1201 ratione
949 1162 1112 1210 coercemus,
1169 1163 1177 1176 ·

198 1219 290 1288 perlici
304 1224 404 1286 potest,
417 1225 447 1269 ut
459 1224 507 1269 aut
517 1219 556 1269 lar
575 1219 624 1269 itio
636 1218 709 1268 nulls
721 1218 775 1276 fist,
788 1225 835 1269 aut
848 1219 915 1270 nihil
930 1220 1027 1271 salem.
1049 1220 1116 1272 Ver·

198 1292 248 1341 rin.
270 1290 309 1340 iii.
334 1290 375 1338 69.
403 1288 482 1339 homo
503 1290 530 1338 in
543 1234 622 1352 furis
646 1287 809 1338 ordiuisoris
820 1287 963 1354 disciplina
974 1288 1112 1342 educatus.

197 1359 262 1410 Act.
272 1359 290 1408 i.
311 1359 337 1408 in
346 1356 425 1408 Verr.
438 1360 464 1406 a.
482 1357 607 1407 diuisores
619 1357 741 1407 omnium
752 1356 869 1407 mituum
883 1364 964 1409 noctu
979 1358 1012 1409 ad
1026 1359 1114 1424 ipsum

197 1434 315 1480 rocetos.
335 1426 398 1476 idid.
411 1441 445 1477 ex
458 1424 552 1476 eadem
566 1424 669 1476 familia
681 1424 717 1481 Q.
731 1424 845 1477 Verrem
858 1424 983 1484 Romilia,
996 1442 1030 1478 ex
1042 1430 1115 1494 opti·

197 1496 393 1548 modinum-mn
405 1493 548 1561 disciplina
560 1495 646 1562 patris
668 1495 745 1545 istius
764 1494 925 1560 discipulum
944 1496 1113 1557 staminum,

196 1568 243 1632 qui
257 1564 313 1616 HS.
325 1566 477 1632 quingentis
490 1565 607 1616 millibus
616 1562 747 1630 depositis
760 1564 787 1614 id
799 1580 828 1615 se
841 1564 1022 1629 proiecturum
1036 1567 1117 1630 polli-

196 1642 315 1687 ceretur.
351 1633 398 1684 Or.
409 1634 438 1683 ii.
448 1636 490 1685 63.
510 1633 537 1682 N
538 1633 639 1684 nmium
651 1633 799 1690 divisorem,
812 1639 842 1683 ut
855 1632 1065 1698 Neoptolemum
1078 1634 1113 1687 ad

197 1702 314 1772 Trojem,
328 1706 367 1755 sie
379 1704 455 1754 illum
468 1705 495 1753 in
509 1705 607 1767 ‘corupo
620 1702 721 1753 Martio
732 1716 828 1753 nomeu
841 1702 983 1754 iuvenisse.
1018 1703 1113 1756 Plane.

197 1775 240 1825 19.
257 1773 333 1831 doce,
346 1787 399 1841 quo
421 1772 531 1822 divisore
551 1772 636 1823 tribus
648 1777 775 1836 corrupte
794 1774 839 1822 sit.
876 1770 921 1821 Ec
941 1772 1033 1835 quidus
1048 1774 1113 1824 locis

192 1842 370 1909 posuprtmo
382 1855 459 1894 suum
468 1841 558 1905 mique
570 1841 655 1891 tritui
666 1840 814 1897 divisorem,
827 1838 1020 1905 utpiufortosss
1032 1842 1113 1893 ctiam

193 1908 394 1978 pluressuissss
411 1909 528 1974 undeffl,
537 1915 566 1960 ut
576 1925 625 1974 per
639 1925 666 1960 se
678 1924 732 1959 nnn
743 1907 828 1972 turpis
844 1925 885 1960 res
892 1906 983 1973 scierit
995 1928 1004 1959 .·
1021 1910 1114 1962 deinde

196 1985 280 2032 tricus
289 1995 339 2045 per
357 1981 404 2031 isos
411 1977 475 2046 sere
495 1994 546 2030 esse
559 1985 703 2043 corruptus,
717 1978 783 2043 quod
792 1992 841 2041 per
852 1994 893 2029 eos
905 1979 1112 2032 cornutodissime

187 2049 256 2120 vlieri
265 2054 358 2114 posset,
372 2063 477 2113 eumque
494 2047 596 2098 taudem
608 2049 639 2098 ob
652 2062 756 2098 causum
769 2045 868 2115 irpfome
881 2053 904 2098 ct
915 2055 1060 2113 suspectum
1071 2049 1114 2101 di·

195 2118 290 2170 mensis
301 2114 507 2181 ommosoceom
518 2132 577 2175 esse,
590 2122 666 2180 atque
678 2117 740 2167 odeo
764 2117 794 2167 iu
816 2116 927 2168 eonoirii
938 2118 993 2167 toro
1012 2118 1114 2171 dictum

185 2186 284 2255 scrisse.
307 2184 376 2253 confi
390 2185 488 2236 (louet.
500 2185 530 2235 de
541 2184 638 2236 Gemit.
651 2186 672 2235 i..
684 2189 710 2236 3.
721 2201 750 2250 p.
763 2201 799 2235 m.
811 2188 872 2237 24⁵.
891 2202 928 2249 sp.
968 2185 1058 2236 Uocem
1073 2187 1111 2237 lo·

196 2271 256 2308 mm
267 2271 280 2305 c
292 2254 398 2305 Susino.
411 2253 484 2317 Assg.
498 2257 523 2304 3.
542 2253 711 2318 adjiciemus:
729 2255 799 2305 hunc
815 2270 920 2323 quoque
940 2270 957 2305 a
976 2257 1113 2308 nonnullis

195 2324 385 2392 argentarium,
398 2330 482 2389 etque
494 2325 578 2374 etiam
589 2322 660 2374 inter
671 2323 794 2374 diuisores
805 2339 943 2389 operasque
956 2331 1111 2390 campestres

195 2392 340 2464 proditum.
353 2392 386 2443 od
397 2409 421 2458 q.
435 2393 453 2444 l.
476 2390 631 2443 unrocum
644 2392 710 2442 mole
723 2394 770 2443 lsoc
788 2405 870 2456 gersus
881 2407 941 2443 eum
953 2393 998 2444 illo
1009 2395 1114 2458 superi·

195 2465 246 2522 ori,
267 2463 315 2527 qut
331 2477 410 2525 agros
429 2461 555 2520 dividunt,
568 2461 713 2529 suffundit.
750 2459 838 2526 ltaque
851 2461 970 2512 eoistimo
987 2462 1113 2515 diuum

186 2530 390 2600 suisseeosdem
403 2531 449 2596 qui
468 2529 616 2581 diribitores
635 2530 799 2581 tetellmum.
847 2528 938 2595 Neque
949 2531 1029 2590 uideo,
1042 2532 1114 2596 prod

195 2603 271 2655 uliud
279 2617 362 2666 genus
385 2615 526 2666 operosum
538 2600 723 2665 campestrium
735 2615 764 2650 co
775 2599 881 2650 uomiue
893 2600 1007 2663 iutellski
1016 2602 1109 2664 posu't.

158 2692 159 2695 ¹
195 2671 270 2724 Nom
291 2670 357 2734 quod
375 2671 405 2721 io
428 2669 522 2720 Pisou.
538 2670 577 2719 15.
596 2669 746 2721 diribitores
757 2675 817 2719 suut
829 2669 928 2720 ineest-i
940 2676 964 2719 ct
983 2670 1110 2722 senatorii

195 2742 257 2800 uiri,
270 2740 298 2790 id
308 2739 548 2790 extraordinarium
559 2744 612 2789 est:
630 2753 677 2787 uec
690 2738 752 2788 istoc
761 2752 852 2802 operas
860 2735 1112 2802 campestressuere.

230 2809 404 2860 Divonrrou.
429 2807 506 2858 Oret.
517 2809 554 2859 iii.
570 2811 610 2859 to.
631 2807 676 2858 Sic
686 2808 862 2868 exeommuui
872 2809 1034 2873 sapientium
1042 2810 1113 2876 jugo

195 2885 256 2931 sunt
268 2878 447 2928 memmi-um
456 2875 527 2927 sacta
535 2876 657 2930 diuortio.
671 2877 697 2926 l1.
706 2891 731 2927 e.
744 2884 824 2928 sectue
832 2876 945 2927 dicerem
957 2882 1028 2927 ortos
1037 2884 1109 2930 suut.

230 2947 387 2999 Ilrurnnue.
407 2946 439 2997 orl
453 2945 514 2996 Dis.
528 2947 564 2996 vi.
577 2949 620 2998 20.
639 2946 761 2997 diuturne
774 2944 839 2996 iore.
875 2942 925 2994 Sed
936 2960 961 2996 u.
974 2952 1029 2995 not.

229 3009 373 3069 Drvunsns.
400 3015 503 3066 divulsa
526 3022 693 3079 oppourmtur
712 3013 826 3065 reductu
838 3013 872 3064 od
893 3013 958 3064 artis
971 3011 1108 3077 ferocem.

195 3086 242 3140 Or.
257 3088 275 3137 i.
287 3087 328 3135 tu.
341 3099 469 3151 arnonae
483 3099 539 3135 rem
551 3083 708 3135 dissolutam
716 3082 891 3147 divortiumque
899 3084 1112 3150 conglutinaret.-

229 3155 280 3213 Do‚
293 3168 346 3210 ore,
359 3152 514 3218 iujusoerlri
522 3159 577 3204 tom
587 3154 677 3204 corius
696 3157 719 3202 ct
730 3151 867 3218 inultiplco
878 3167 940 3202 usus
957 3157 1002 3208 est.
1021 3153 1066 3204 uir
1077 3159 1110 3206 ut

195 3223 280 3278 omnis
292 3222 462 3273 illusorium
484 3222 687 3272 commemorari
703 3221 793 3285 possit.
829 3218 987 3280 Quodis
1004 3222 1111 3286 proeci-

192 3308 247 3361 pun
268 3305 365 3355 genero
387 3291 443 3341 uisu
454 3298 520 3344 suist.
532 3287 682 3353 offeremus.
701 3289 825 3340 *dicutur
842 3289 874 3339 irs
891 3290 1109 3354 philosophamus

194 3359 418 3427 disputationibus,
430 3375 480 3423 pro
487 3359 643 3410 concedere.
682 3357 739 3411 Fin.
750 3375 776 3410 r.
789 3362 832 3410 28.
851 3360 940 3424 prima
951 3361 972 3410 si
989 3357 1109 3421 dederis,

193 3430 278 3483 duodo
289 3433 349 3479 suut
361 3429 458 3480 omnia.
471 3429 505 3480 cl.
521 3428 577 3479 lnv.
592 3429 609 3478 i.
622 3431 665 3478 31.
692 3428 762 3479 *scd
774 3443 825 3493 pro
849 3426 997 3479 concedere
1008 3428 1109 3479 dieitur

194 3500 273 3550 stium
283 3514 313 3548 eo
325 3513 407 3551 seusu.
421 3514 472 3562 ouo
491 3497 577 3562 ipsum
588 3496 685 3547 dieitur
696 3497 836 3554 interdum.
860 3511 906 3561 up.
928 3511 978 3560 pro
1000 3497 1108 3548 ueniam

189 3567 254 3619 dore
266 3566 373 3618 ulterius
385 3581 471 3618 causo.
506 3566 595 3635 Liger.
618 3569 658 3621 12.
677 3571 709 3620 ut
724 3566 879 3619 concessisti
891 3565 931 3619 Μ.
944 3565 1110 3627 Marcellum
