2567 4209
478 326 732 386 lithNl'l'A'l'lS.
999 339 1064 402 275

139 487 309 554 principiam
342 488 523 554 philosophiae
561 506 613 542 esse
648 488 822 547 inscientiam,
867 488 1068 559 prudenterque

143 557 350 610 Academicosa
370 560 449 610 rebus
463 560 574 611 incertis
587 560 769 610 assensionem
782 559 943 610 cohibuisse.
979 558 1068 626 Huius

143 627 195 678 loci
204 633 265 695 quot
276 628 328 678 sint
340 627 524 692 explicationes
537 635 612 693 atque
625 629 823 688 emendationes,
837 627 941 694 dipticile
957 635 992 678 est
1005 645 1068 680 ena·

142 711 257 749 rurore.
293 694 418 755 Olioetus,
430 713 523 749 novem
538 699 673 749 doctorum
685 697 825 748 hominum
845 697 977 748 seutemiis
998 713 1067 750 corre

143 765 303 825 memoratis,
313 766 366 829 ipse
379 767 418 816 ita
428 768 513 827 uerba,
527 768 555 818 de
569 782 681 831 quorum
693 782 768 817 sensu
781 766 924 830 quaeritur,
938 766 1067 831 interpre-

143 838 232 885 tatur:
251 850 298 899 pue
311 835 338 886 la
347 835 510 900 philosophie
529 837 583 887 doit
596 843 688 901 parter
700 837 800 886 sardes
809 835 944 900 principes
956 835 1066 887 euident-

143 909 340 959 mentientium
358 906 516 969 approbante
529 904 656 956 Buherio.
671 906 723 955 vid,
737 905 887 956 Entretiens
907 904 936 954 de
956 903 1067 955 Ciceron

143 986 190 1022 sur
213 973 240 1022 la
263 971 367 1023 Nature
391 974 433 1022 des
453 970 545 1023 Dieuc
572 973 606 1024 Τ.
619 975 639 1024 i.
651 991 679 1039 p.
692 978 751 1025 341.
766 977 824 1024 437.
860 972 911 1023 Sed
926 988 980 1024 non
999 980 1064 1035 erat,

144 1056 225 1105 meare
237 1040 274 1091 sio
282 1056 307 1091 se
314 1056 406 1093 uerum
417 1040 556 1093 uerborum
567 1058 671 1094 sensum
682 1042 775 1094 ardun
784 1042 954 1094 eaistiosaret.
991 1041 1066 1094 Nam

144 1109 169 1160 si
180 1109 238 1174 puis
250 1106 420 1162 Academicos
432 1111 584 1176 discipliuae
597 1113 727 1163 rationem
740 1111 889 1171 comideret,
911 1125 975 1176 puae
995 1112 1068 1164 nihil

144 1179 210 1230 certi
222 1194 272 1231 esse
285 1194 317 1230 oc
323 1181 439 1247 percepti
451 1181 587 1242 contendet,
609 1189 634 1233 et
656 1183 723 1249 hano
743 1180 985 1247 interpretationem
1004 1197 1065 1232 cum

143 1249 305 1314 sapientibus
317 1249 543 1317 comparet,saeile
556 1251 687 1316 intelligat
696 1247 821 1318 profecto,
839 1251 913 1314 longe
926 1250 1009 1302 aliam
1020 1251 1064 1302 his

144 1319 227 1370 verbis
240 1320 294 1370 cira
306 1336 357 1372 esse
369 1320 563 1387 subjiciendam.
586 1320 663 1372 Vidit
674 1323 721 1373 hoc
737 1321 779 1371 cir
791 1319 961 1380 indusimus,
975 1321 1021 1385 pui
1033 1320 1065 1371 in

143 1386 257 1443 Miscell.
269 1386 413 1440 Observatt.
430 1389 459 1440 V
456 1391 490 1441 ol.
503 1390 545 1440 iii.
562 1389 597 1440 Τ.
606 1390 638 1441 ii.
647 1406 675 1455 p.
691 1394 750 1440 tit.
767 1405 925 1459 mammeam
937 1389 1065 1455 interpre-

144 1455 272 1505 tationem
284 1454 381 1506 Oliueti
400 1458 506 1517 uiderat
519 1464 607 1508 tamen
626 1474 721 1508 nouam
741 1459 893 1508 sententiam
914 1459 1062 1523 proposuit,

144 1522 270 1581 Socrates,
284 1524 331 1581 ait,
344 1538 361 1572 a
372 1538 422 1586 pue
434 1523 586 1575 Academici
596 1524 709 1591 profecti
727 1532 794 1583 snut,
807 1526 837 1576 in
856 1526 930 1591 cujus
950 1528 1064 1578 auctori-

145 1599 195 1644 tate
208 1597 275 1643 certe
288 1591 397 1643 libenter
408 1591 592 1650 delitescebant,
603 1593 626 1644 is
638 1593 724 1657 igitur
735 1593 818 1644 dicere
831 1596 933 1653 solebat,
943 1610 968 1645 se
980 1610 1065 1647 anum

145 1663 193 1713 boo
205 1662 279 1719 scire,
290 1660 357 1725 quod
367 1659 436 1711 nihil
444 1662 516 1713 sciat.
553 1661 662 1725 ideoque
675 1662 744 1712 inter
756 1660 924 1712 Academicos
933 1657 1065 1730 receptum

146 1745 197 1781 esse
214 1730 302 1795 potuit
324 1728 384 1798 (cur
402 1745 455 1781 nou
477 1729 572 1796 potius,
588 1727 651 1795 suit
663 1729 688 1799 i)
705 1732 752 1780 hoc
773 1731 920 1794 placitum:
939 1751 1007 1800 αςχπ
1026 1751 1065 1786 ree

145 1815 267 1856 elucescere
277 1816 376 1851 urserit
388 1819 425 1855 rie
435 1819 525 1866 cepisses
535 1818 619 1865 precii.
640 1798 713 1850 Hace
725 1800 798 1850 omni
809 1807 884 1851 recte.
899 1798 968 1859 Quin
980 1799 1066 1862 crgo?

147 1863 242 1916 Censeo
266 1866 418 1929 legendum:
446 1868 603 1919 inscientiae
623 1869 774 1920 scientiam.
811 1868 870 1926 Qua
887 1883 998 1926 seersum,
1011 1882 1066 1917 non

146 1935 223 1992 male,
237 1935 279 1985 sed
290 1936 465 1988 emendatione
476 1937 517 1988 nil
528 1951 600 2002 opus.
637 1938 726 1989 Albas
744 1935 883 1988 Morellius
895 1936 925 1987 in
941 1935 1065 1987 Elemeus

146 2003 175 2054 de
188 2003 214 2055 la
227 2002 344 2070 Critipue
354 2022 382 2070 p.
396 2009 438 2057 68.
447 2007 556 2069 corrigit
569 2007 716 2058 solertiam.
729 2007 806 2056 male.
836 2005 916 2059 Alius
928 2005 1065 2057 nirdaelus

147 2074 233 2124 eodem
245 2075 299 2126 loco
308 2075 879 2141 commemoratconjecturamdoctihominis,
889 2074 1064 2141 nesciocuius,

148 2160 160 2194 e
174 2142 307 2196 Bemuardi
327 2144 412 2196 Nouis
432 2145 511 2211 Reip.
525 2143 619 2196 Litter.
633 2147 679 2210 put
691 2146 807 2208 legebat:
826 2144 992 2212 Principium
1005 2146 1065 2212 phi·

147 2213 283 2280 losophiae
295 2230 353 2266 esse
375 2214 487 2282 Scepsin
501 2234 507 2263 :
539 2215 569 2265 ed
587 2215 646 2274 sibi,
659 2216 706 2266 etsi
718 2231 742 2266 sc
755 2216 869 2265 naiadum
887 2215 1011 2282 sepeliat,
1025 2220 1065 2265 ta·

147 2298 207 2332 nien
227 2284 329 2347 placere
349 2285 465 2336 manime
486 2289 524 2334 ost
572 2284 594 2334 it
619 2283 706 2335 Baelii
718 2285 900 2350 conjecturam,
914 2284 959 2349 qui
970 2284 1064 2348 reponi

146 2351 264 2402 rabbat:
283 2355 445 2421 principium
462 2353 648 2420 philosophiae
659 2369 710 2404 non
722 2369 780 2404 esse
793 2357 945 2405 seientiam.
985 2353 1064 2405 Vide·

148 2426 211 2468 runt
222 2421 276 2471 oiri
287 2424 429 2474 doctissimi
440 2437 530 2475 ueram
542 2422 592 2472 loci
604 2423 765 2478 sementiam,
775 2423 817 2471 scd
826 2428 930 2485 praeter
941 2438 998 2472 rem
1010 2438 1064 2474 me·

148 2487 218 2536 dicas
231 2489 435 2542 eiadmoueruret
447 2507 549 2542 manus.
585 2490 689 2542 Scilicet
710 2490 867 2540 inscientiae
890 2490 997 2539 uerbum
1017 2491 1064 2540 du·

146 2553 242 2617 plicam
261 2559 315 2608 rim
335 2561 409 2610 habet
429 2562 498 2625 apud
510 2559 683 2611 Ciceronem.-
707 2559 844 2620 uulgarem
866 2557 985 2615 atteram,
1000 2573 1071 2621 quae-

148 2623 279 2675 nemiuem
292 2623 379 2690 fagit,
399 2630 509 2679 ahiram
527 2645 588 2680 uero
599 2634 728 2679 remotam
740 2627 771 2676 ab
783 2640 833 2675 usu
853 2623 945 2691 plebis,
958 2640 1064 2689 eamque

149 2691 179 2742 iu
190 2693 263 2744 osello
275 2693 378 2755 Lesico,
400 2698 467 2762 qnod
489 2698 578 2756 sciam,
597 2701 834 2749 commemoratam.
870 2692 914 2744 Ea
925 2699 962 2744 est
979 2694 1065 2747 head.

150 2763 168 2812 i.
184 2766 223 2812 11.
244 2763 343 2831 Siquid
356 2766 396 2817 ita
407 2771 466 2818 erat
479 2769 710 2833 comprehensum,
723 2769 755 2816 ut
766 2765 882 2815 convelli
895 2765 999 2814 ratione
1013 2778 1064 2815 non

149 2836 247 2896 posset,
257 2833 410 2885 enuntiem.-
423 2838 463 2886 sin
471 2837 559 2895 aliter,
569 2836 735 2887 inscientiam
747 2835 902 2884 nominabat
913 2831 989 2883 Zeno
1003 2851 1009 2882 ι
1029 2848 1064 2884 ex

149 2916 202 2966 qua
213 2903 344 2954 existeret
357 2905 455 2969 opinio,
487 2921 537 2956 nac
549 2910 622 2957 esset
635 2904 772 2956 imbecilla
782 2909 811 2953 et
822 2919 883 2953 enm
897 2901 963 2952 salso
976 2903 1065 2968 incog-

149 2973 259 3038 nitoque
272 2976 432 3024 eommunis.
499 2989 547 3024 unc
559 2974 727 3025 inscientiam
744 2969 910 3039 defendebant
925 2969 1066 3023 Academi·

149 3038 181 3097 oi,
193 3041 238 3104 qui
249 3041 319 3091 nihil
330 3043 473 3094 statuebant
485 3059 535 3094 esse
546 3052 705 3108 perceptam,
719 3042 745 3091 h.
759 3057 781 3089 e.
791 3040 829 3090 ita
840 3040 1064 3104 comprehensum,

148 3113 178 3157 ut
190 3109 298 3160 con-valli
307 3111 407 3162 ratione
419 3127 473 3163 non
478 3119 571 3178 posset,
585 3111 669 3165 Aead.
683 3111 700 3161 i.
715 3113 740 3161 6.
755 3108 844 3173 ltaque
856 3110 922 3158 harto
933 3122 1066 3159 sesamam

149 3177 511 3243 legemetprincipiumtotius
516 3181 693 3249 philosophiae
699 3178 984 3244 pectebantmihilaerto
991 3176 1065 3235 seiri,

148 3245 219 3296 nihil
224 3247 326 3312 percipi
335 3263 423 3310 posse.-
435 3257 525 3301 coritra
534 3264 595 3313 quos
604 3250 686 3301 a'oorti
692 3247 776 3298 Stoici
783 3246 918 3297 scientiam
925 3246 1006 3295 menti
1016 3246 1064 3295 lits-

149 3327 242 3366 mauae
255 3321 278 3365 et
287 3320 478 3382 perceptionem
490 3318 790 3382 comprehensionempue
802 3315 956 3366 asserebant.
975 3313 1063 3372 Qrsare

149 3398 209 3437 eum
221 3382 320 3442 Cicero,
330 3386 358 3436 id
369 3389 436 3451 priod
445 3389 515 3439 iuter
527 3401 613 3437 ornnes
625 3393 729 3447 constat,
740 3385 925 3436 Academicam
936 3382 1066 3434 rationem

149 3457 305 3516 sequeretur,
320 3456 359 3505 uel
371 3456 446 3507 illam
455 3456 671 3521 philosophorum
684 3456 713 3505 de
725 3461 822 3504 natura
838 3450 958 3503 Deorum
970 3450 1065 3501 ‹luscu-

149 3521 249 3572 siouem
266 3523 422 3589 confirmare
443 3526 611 3576 inscientiam
631 3524 821 3575 Aradeniieam
846 3520 1017 3575 existimabat,
1042 3525 1067 3570 et

150 3588 319 3648 Academicos
328 3599 467 3659 propterea
476 3596 624 3660 prudenter,
638 3609 697 3644 oum
706 3592 796 3644 omnia
803 3593 903 3643 inserta
911 3589 972 3651 sint,
981 3603 1066 3640 assen-
