2567 4209
412 310 416 316 “
504 325 765 382 ⁴asuluumms.
1061 341 1102 399 39

165 489 267 536 corea.
281 478 426 543 cognitores
449 481 530 533 etiam
553 483 677 535 dicuntur
695 465 811 537 auctores
834 481 1020 553 etdefensoreo.
1056 488 1104 543 Sic

177 542 239 596 Cat.
265 547 300 599 iv.
326 550 350 598 5.
389 553 484 603 auctor
512 555 542 603 et
570 553 690 617 cognitur
721 557 882 616 sententiae,
915 557 1021 620 dicitur,
1054 562 1103 625 oui

176 627 203 664 se
215 615 270 680 ejus
281 619 418 669 semcutioe
440 621 582 688 profitetur
604 629 746 676 auctorem.
774 627 801 677 in
817 624 918 677 Caecil.
936 631 961 677 4.
986 631 1101 692 cognito-

176 691 234 734 rem
241 686 309 752 Juris
318 688 368 739 sui.
406 687 523 758 Harusp.
537 690 619 759 Resp.
633 695 676 745 21.
698 710 761 745 cum
773 695 801 746 in
813 711 857 746 me
870 696 1029 760 cognitorem
1041 699 1100 751 illa-

177 766 236 804 rum
249 770 339 807 rerum
351 758 478 817 omnium.
493 761 540 813 illa
555 760 663 815 flamma
675 764 783 815 illorum
804 769 957 832 temporum
975 768 1100 836 conjicie-

177 820 266 874 batur.
286 840 329 876 res
350 827 414 878 illae
435 835 502 891 sucu,
515 836 545 881 ut
564 846 595 881 ea
616 838 735 883 eoruectu
743 839 822 898 potet,
835 836 976 887 auctoritas
988 843 1099 899 scamus,

177 894 308 944 consensio
329 896 466 958 bonorum,
492 905 572 951 status
593 898 696 954 Italiae.
715 906 813 954 borum
836 911 1100 958 rerumetcuctoret

175 958 295 1026 &senior
306 962 398 1016 Cicero
408 964 506 1031 suerat
517 970 547 1019 in
568 972 710 1023 consulatu.
730 976 758 1025 in
769 972 871 1024 Caecil.
884 978 909 1025 4.
928 990 972 1026 me
985 974 1102 1039 4444444-

175 1044 234 1096 reue
254 1034 321 1099 juris
340 1036 390 1094 sui,
411 1042 466 1088 etc.
511 1037 624 1109 Honos)
649 1040 775 1107 inprimis
787 1044 910 1110 coguitor
933 1043 1039 1105 duduc,
1053 1045 1100 1109 uui

174 1102 320 1163 proesentis
339 1118 442 1156 musam
463 1107 492 1157 iu
512 1110 688 1161 controversia
708 1113 781 1164 ciuili
799 1113 863 1176 ogit,
884 1113 1103 1177 wemodmoduuo

178 1168 290 1220 disemis
298 1178 462 1237 procurator.
476 1176 556 1230 Verr.
566 1177 594 1230 ii.
605 1182 647 1230 43.
661 1181 820 1245 cognitorem
832 1181 962 1235 adscribit
975 1181 1098 1235 Sthenio.

177 1236 196 1286 i.
210 1252 236 1289 c.
249 1239 373 1292 adscribit
383 1243 413 1293 in
425 1244 518 1298 litteris
536 1249 608 1314 publ.
621 1250 679 1315 quis
692 1252 811 1315 cognitor
821 1249 1025 1317 Stieniisuerit‚
1040 1252 1101 1317 quis

178 1304 233 1370 ejus
246 1323 351 1361 causam
363 1314 452 1375 egerit.
472 1315 581 1369 Caecin.
594 1320 619 1368 5.
638 1322 757 1383 cognitor
769 1320 908 1373 viduarum
928 1321 1007 1373 Rosc.
1020 1320 1098 1372 Com.

180 1378 221 1426 ll.
240 1392 284 1428 me
294 1380 453 1442 cognitorem
464 1385 574 1438 dedisti.
587 1385 643 1438 vide
655 1389 684 1438 de
696 1392 743 1441 boc
754 1392 830 1442 verbo
842 1391 1035 1443 accuratissime
1047 1390 1100 1441 dir·

175 1451 311 1508 putantem
318 1447 346 1499 J.
356 1449 404 1500 Fr.
414 1452 528 1507 Gronoo.
538 1457 640 1508 deSest.
653 1459 689 1509 io.
698 1462 723 1511 3.
737 1464 762 1511 4.
776 1459 854 1511 Verr.
865 1460 903 1512 iii.
912 1464 956 1512 34.
970 1459 1101 1511 Aeschrio

178 1520 202 1564 et
214 1513 345 1568 Docimus
355 1522 449 1573 mariti
460 1522 564 1592 Pippae
579 1533 609 1578 et
631 1525 744 1588 Tertiae,
766 1530 918 1594 picibuscum
929 1546 987 1581 rem
1001 1529 1099 1582 Verres

178 1583 294 1645 babebat,
314 1588 381 1639 buco
400 1606 460 1642 cuae
478 1596 640 1647 momorum
655 1612 727 1662 poce,
741 1599 787 1663 qui
797 1614 911 1650 morum
922 1599 1027 1651 nornine
1040 1614 1100 1649 con-

143 1661 146 1664 ’
177 1652 306 1705 ducerent
325 1658 444 1711 dommus
465 1666 630 1727 parandam
649 1666 793 1726 ciuitatum,
813 1670 965 1736 cognitores
983 1681 1099 1720 uxorum

178 1722 310 1775 dicuntur.
348 1727 468 1784 Veniunt
489 1732 634 1786 Herbitam
653 1735 705 1787 duo
718 1736 853 1788 Praetoris
865 1737 965 1787 aemuli
977 1752 1030 1788 uon
1042 1753 1100 1787 mo·

177 1792 250 1851 lesti,
271 1796 490 1852 muliercularum
511 1805 713 1856 teterrimarum
726 1805 916 1871 improbissimi
935 1806 1099 1868 cognitores.-

176 1860 310 1928 incipiuat
321 1868 467 1932 postulare,
480 1887 600 1937 poscere,
614 1875 720 1926 minari.
755 1874 888 1940 Apertum
900 1879 936 1924 est
947 1875 1100 1942 cognitores

177 1931 237 1989 dici,
252 1934 314 1998 quia
325 1950 439 1989 unorum
451 1956 492 1990 res
504 1944 621 2005 agebant,
638 1958 778 2008 eoruneque
790 1943 896 1994 nominc
914 1942 1032 1994 decurmu
1045 1943 1101 1994 eoi·

175 2002 278 2063 ttitml,
299 2003 408 2069 adeoque
429 2011 590 2072 cognitorem
609 2012 662 2063 dici
682 2013 769 2073 etium,
783 2012 856 2077 opus
876 2027 956 2077 opero
973 2013 1003 2063 in
1023 2013 1102 2063 rebus

178 2071 274 2122 neuris
286 2074 477 2142 quibuscunque
489 2081 600 2132 edimur.
620 2081 721 2133 Eodem
728 2083 804 2134 modo
816 2080 882 2133 ibid.
896 2084 938 2133 60.
959 2080 1100 2147 Apronius

177 2141 299 2206 coguitor
311 2141 404 2196 Verris
424 2147 528 2209 dicitur,
543 2151 691 2215 puia,o1eos
711 2152 830 2204 decumas
847 2151 1001 2219 redemerat,
1016 2150 1101 2204 Verri

179 2208 330 2270 redemerat,
343 2218 367 2263 et
379 2214 432 2279 ejus
444 2219 551 2270 nomine
562 2221 688 2285 erigebat.

213 2277 362 2333 Conuiuas.
384 2282 461 2335 Brut.
474 2288 517 2337 25.
536 2291 614 2341 bomo
623 2306 674 2356 per
682 2291 845 2355 recognitus,
854 2292 997 2358 opponitur
1004 2291 1099 2352 nobili,

179 2347 225 2412 qui
234 2355 344 2414 propter
354 2351 466 2417 majores
477 2357 574 2410 nobiles
586 2366 678 2410 notum
689 2375 784 2411 neuun
796 2362 888 2412 babet.-
906 2363 984 2414 borno
995 2377 1086 2412 nouus.

213 2415 444 2474 Conuoumeros.
481 2424 555 2479 Part.
571 2430 611 2479 15.
638 2430 925 2492 cognominatoverba.
961 2429 1012 2482 Sed
1028 2429 1103 2481 Bru-

179 2491 221 2537 tus
233 2488 344 2552 corrigit
356 2500 555 2560 coagmentata.

213 2553 403 2610 Coouoscuau.
428 2563 461 2614 ad
474 2565 535 2616 llio.
549 2566 567 2615 i.
577 2568 602 2616 9.
621 2564 701 2617 fidem
713 2575 837 2629 cognosse
846 2568 982 2619 hominum
994 2571 1101 2621 nonita

181 2640 276 2693 magna
285 2630 409 2683 mercede
419 2647 427 2689 ;
446 2633 515 2683 idem
525 2636 592 2698 quod
598 2641 731 2700 spectare,
740 2640 770 2684 ut
781 2638 903 2703 cognitus
915 2635 985 2686 idem
996 2643 1040 2695 est,
1054 2638 1101 2700 oui

178 2700 326 2760 spectatus.
339 2714 365 2749 v.
384 2707 460 2765 spect.
480 2702 582 2755 *Vera
596 2706 614 2756 i.
628 2705 654 2752 5.
680 2719 742 2755 cum
753 2719 816 2755 eum
835 2703 972 2771 Syracusis
984 2706 1101 2771 amplius

179 2768 290 2816 centum
311 2767 384 2819 cives
402 2769 481 2829 Rom
508 2779 695 2835 cognoscerent,
709 2775 736 2824 h.
749 2789 775 2825 e.
793 2772 914 2834 dicerent,
927 2790 953 2825 se
965 2775 1040 2834 scire,
1054 2775 1102 2838 ecci

179 2833 222 2891 sit,
236 2848 343 2900 canoque
355 2852 416 2899 esse,
435 2856 511 2905 quem
526 2857 551 2892 se
572 2842 649 2892 dicut.
677 2841 712 2893 cf.
733 2859 760 2894 v.
773 2844 815 2893 59.
843 2860 870 2894 v.
883 2841 1020 2907 Cognitor.
1032 2859 1058 2894 4.
1073 2847 1099 2894 l.

179 2899 255 2953 *On
270 2904 298 2955 ii.
312 2909 354 2956 41.
373 2923 522 2971 cognoscere
535 2914 632 2970 artem,
652 2926 703 2975 pro
724 2927 869 2975 agnoscere,
891 2913 994 2971 sentire,
1015 2919 1102 2965 ortem

180 2978 230 3021 esse
254 2973 407 3027 adhibitam.
438 2977 499 3030 *ad
514 2979 579 3032 Her.
602 2982 638 3031 iv.
659 2983 701 3031 18.
728 2983 773 3048 qui
793 2981 913 3048 privatus
934 2981 1101 3033 intolerabili

179 3042 305 3106 serperbia
316 3043 407 3106 tuerit,
418 3061 479 3099 eum
488 3047 658 3102 commodum
671 3054 702 3101 et
712 3050 755 3101 sui
766 3055 957 3113 cogrocueatem
969 3050 1104 3102 sidereis

179 3113 317 3175 potestate
329 3117 388 3179 quis
400 3123 502 3182 speret.

214 3177 431 3236 Couneaeuum.
451 3187 516 3239 Nat.
530 3188 564 3239 D.
577 3188 606 3239 ii.
620 3190 662 3240 62.
681 3187 715 3240 ad
727 3187 818 3241 mundi
836 3188 1028 3241 conmunione
1039 3205 1103 3256 perr

179 3245 276 3307 tinem,
290 3265 327 3300 sca
347 3254 417 3316 quod
425 3257 480 3307 siue
493 3257 528 3308 iis
539 3258 652 3309 mundus
664 3259 804 3310 consistere
812 3275 866 3310 non
875 3264 967 3324 potest.

215 3315 400 3382 0444444444,
431 3327 577 3380 consistere.
604 3327 686 3379 Tusc.
703 3345 730 3380 v.
742 3331 785 3379 28.
804 3329 922 3380 virtutes
941 3332 999 3380 sinc
1019 3330 1104 3382 beata

180 3385 241 3437 rita
253 3389 389 3442 cohaerere
403 3409 454 3445 oon
466 3402 583 3461 possunt,
597 3404 648 3448 nec
662 3398 719 3449 sine
731 3401 834 3449 virtute
847 3399 905 3450 vita
924 3400 1014 3449 beata.
1033 3398 1103 3452 Har.

181 3452 264 3520 Resp.
274 3458 317 3509 27.
337 3461 360 3511 si
372 3462 488 3531 undique
501 3464 649 3525 fulciamus,
664 3468 841 3524 colmerebuut,
859 3465 875 3497 ’¹‘
887 3466 997 3518 Tuscul.
1008 3470 1047 3521 iii.
1056 3472 1103 3522 25.

181 3521 309 3577 iulcieucli
323 3535 394 3590 sun-t,
409 3536 454 3599 qcci
468 3536 556 3594 urunt,
569 3545 620 3586 nec
633 3542 745 3601 possunt
758 3537 892 3586 cohaerere
906 3541 1018 3603 propter
1030 3554 1105 3608 mag·

179 3592 334 3647 altudinem
353 3601 541 3668 aegritudiuis.
566 3618 641 3670 coepe
654 3606 692 3657 sic
704 3609 851 3659 cohaerere
864 3611 899 3658 est
919 3622 963 3673 ap.
974 3608 1033 3661 Cic.
1049 3625 1105 3676 pro

220 3680 332 3734 suoru,
348 3688 421 3731 vor..
441 3690 465 3729 ι.
629 3676 677 3729 θ’
752 3723 755 3728 .
