2567 4209
193 263 234 322 98
593 259 712 313 INDEX

189 417 315 480 partiam
336 416 392 468 etc.
410 412 482 467 Phil.
495 415 524 468 ii.
537 420 563 468 4.
589 418 756 469 116166νί66
775 417 921 469 communis
942 419 1056 487 ignarus,
1068 417 1113 467 eia

190 482 308 546 Mamali,
321 485 367 536 der
389 485 462 537 nicta
474 500 510 537 aa
522 486 595 538 leben
606 487 688 546 616111,
712 494 742 544 ut
754 502 801 538 nos
821 486 941 547 dicimus,
954 488 1001 553 pai
1022 485 1113 545 nescim

191 565 257 619 puae
269 554 398 614 annam,
412 556 493 606 etiam
512 555 638 615 inimicis,
652 556 737 622 crffieia
756 556 895 607 tribuenda
907 557 970 616 6161,
991 562 1017 608 et
1035 556 1113 619 vulgo

190 623 351 676 tribuantur.
382 623 430 676 Or.
449 624 468 675 i.
481 626 524 677 46.
551 629 673 678 versatus
697 626 724 677 iu
748 625 834 678 causis
858 626 1005 678 forensibus
1028 629 1112 692 atque

190 694 381 745 communibus.
421 692 555 746 21166661
571 709 649 746 cauea
659 697 818 748 monendum
830 702 874 755 est,
887 696 1038 748 communia
1048 695 1111 754 diei,

192 776 256 829 pilae
269 764 302 814 ad
310 764 400 829 plures
421 764 563 829 pertineat,
578 766 689 829 adeoque
702 766 854 819 communia
870 765 923 816 dici
937 780 1010 830 posse
1030 764 1111 816 etiam

192 846 256 898 picae
269 833 390 901 vulgaria
409 833 476 884 aliar
488 834 619 895 dietmar,
640 840 771 900 utsupra
790 831 917 887 66166161.
953 833 1025 894 Quid
1043 833 1116 885 enim

188 908 252 956 mot
263 903 414 955 eommunia
422 909 570 968 praecepta,
586 919 604 954 a
615 903 708 969 quibua
720 903 854 956 Ciceronis
869 905 898 955 de
916 902 1028 955 Oratore
1049 901 1115 954 libri

190 972 339 1031 abhorrent,
351 972 406 1023 uiui
425 973 556 1036 uulgaria,
570 988 633 1038 qaae
651 974 682 1024 in
701 974 852 1039 malgaribus
869 973 1006 1025 rhetoricis
1018 972 1113 1024 libellis

189 1048 330 1093 oecurnent
341 1041 356 1091 l
373 1040 424 1092 Eat
435 1047 524 1093 tamen
535 1043 615 1093 etiam
627 1043 730 1108 aliquid
740 1044 810 1095 inter
821 1044 942 1112 vulgaria
952 1049 976 1094 et
994 1057 1113 1095 commu·

191 1111 237 1164 611
247 1109 418 1163 diacriminie.
455 1110 787 1179 Vulgariadiaimm‚q1me
795 1113 947 1165 communia
957 1118 1018 1164 snat
1029 1110 1115 1163 mnni-

189 1181 247 1239 aar,
264 1180 307 1231 aed
315 1180 362 1242 iia,
382 1186 413 1232 ul
423 1180 471 1233 boc
487 1180 545 1245 ipro
565 1183 644 1234 aerbo
655 1188 813 1234 contenitum
824 1198 917 1234 eorum
927 1181 1114 1248 significemur.

191 1247 350 1301 Communia
361 1255 451 1301 autem
462 1254 486 1300 et
505 1250 565 1316 ipsa
576 1251 610 1302 ad
617 1251 716 1317 plures,
728 1258 804 1316 atque
816 1252 878 1302 adeo
889 1252 924 1302 ad
933 1266 1022 1302 ornnes
1031 1250 1115 1316 perti·

190 1324 262 1379 nent,
286 1318 329 1370 red
348 1319 404 1371 eine
429 1324 567 1371 anammtn.
604 1319 649 1371 Sic
671 1320 782 1371 dicimus
804 1334 973 1371 communem
996 1333 1113 1379 seusam,
1196 1372 1201 1375 ,
1273 1333 1274 1368 3

191 1402 362 1441 communem
374 1387 518 1447 rationem,
531 1389 684 1441 commuuio
700 1393 856 1456 praecepta,
869 1390 1022 1441 commuuio
1034 1389 1115 1448 mala.

189 1457 288 1510 vitium
305 1472 456 1516 commuue,
475 1459 519 1509 red
536 1458 692 1525 simpliciter
711 1459 864 1524 respicimus
884 1458 972 1517 adid,
993 1459 1060 1523 qood
1079 1457 1115 1509 ad

188 1525 280 1593 plum
291 1533 337 1579 aot
348 1529 382 1579 ad
393 1542 481 1580 aranea
490 1526 612 1593 pertinet.
658 1526 673 1560 *
685 1527 845 1580 Communia
854 1528 945 1580 omnia
955 1528 1050 1579 babent
1061 1528 1115 1591 ag·

191 1595 371 1663 niieationem
390 1597 534 1650 amicitiae.
561 1595 594 1647 ad
615 1595 774 1649 1116621.
793 1611 855 1649 nem
873 1596 1117 1650 tecummihiesse
1222 1590 1227 1598 '
1273 1665 1274 1672 ἵ

192 1667 344 1719 eommunia
355 1667 454 1729 ornam,
475 1666 602 1735 itaquae
621 1672 688 1733 opto
709 1667 874 1738 contingent,
893 1671 926 1718 nt
937 1668 1115 1718 vehementer

191 1735 277 1790 161161
291 1755 298 1787 =
317 1736 356 1787 iia
368 1737 453 1788 locam
464 1738 526 1788 bene
538 1736 671 1787 constituit
683 1735 820 1789 Graevius.
844 1736 894 1788 Sed
904 1750 991 1787 semus
1002 1741 1054 1786 ert:
1066 1734 1118 1787 tibi

192 1806 370 1857 amicionmur
391 1812 416 1857 et
426 1803 664 1872 fmniliariseimus
676 1820 727 1858 eece
746 1806 835 1872 cupio.
853 1805 870 1839 *
882 1805 961 1858 Vere.
973 1805 1003 1856 ii.
1016 1808 1059 1856 46.
1070 1807 1115 1856 63.

192 1872 338 1930 Commune
360 1873 478 1936 Siciliae,
500 1874 518 1927 1.
540 1890 568 1926 6.
591 1875 745 1927 universam
767 1874 898 1927 Siciliam.
935 1874 1115 1927 17616136.

193 1942 338 1997 Commune
351 1943 513 2012 Milyadum.
532 1944 584 1997 aa.
596 1944 626 1996 de
637 1944 687 1997 bac
698 1942 796 2011 forma
806 1943 901 1996 Ham.
913 1944 947 1995 ad
957 1942 1034 1996 Ouid.
1047 1942 1114 1996 Met.

192 2014 243 2065 nii.
257 2018 282 2065 1.

228 2080 395 2133 Communia.
408 2079 468 2131 Mil.
481 2082 524 2132 36.
537 2081 615 2140 bona,
624 2080 743 2132 fortunas
755 2095 828 2133 meus
840 2097 872 2134 ac
885 2082 1115 2135 libcmmmmeo-

192 2166 253 2205 rum
263 2152 290 2202 in
303 2149 514 2202 communionem
524 2154 633 2202 tuorum
643 2153 797 2217 temporum
809 2152 912 2203 contuli
926 2172 933 2203 :
952 2159 1036 2204 teum
1046 2167 1116 2205 cone·

192 2220 336 2273 manicavi.

193 2321 196 2327 ·
228 2288 429 2340 0666661616.
449 2285 509 2339 Fin.
522 2287 561 2339 iii.
574 2288 618 2339 20.
638 2289 811 2340 communitas
831 2291 971 2343 naturalis.
992 2292 1029 2344 ib.
1048 2303 1116 2343 6616-

169 2393 173 2398 ·
192 2359 310 2413 munitm
321 2357 419 2409 civilis.
432 2356 469 2409 ib.
481 2373 508 2408 v.
524 2361 565 2407 14.
584 2356 673 2423 prima
684 2360 857 2410 cornmunitar
869 2366 990 2413 naturae.
1027 2360 1080 2413 Off.
1094 2359 1113 2411 i.

193 2432 220 2480 ’1.
233 2428 307 2479 vilae
319 2426 501 2478 eornmunitae.
511 2425 577 2478 ibid.
590 2428 629 2477 16.
641 2428 816 2480 emnmunitm
824 2435 854 2482 et
863 2431 978 2482 societas
987 2431 1112 2483 hamana.

192 2498 210 2533 ⁸¹
222 2496 292 2565 Tap.
304 2498 330 2548 6.
343 2511 385 2549 res
398 2495 531 2565 disjuncta
541 2512 558 2546 a
569 2497 763 2557 communitate,
773 2497 792 2548 i.
801 2514 827 2550 6.
837 2514 854 2549 a
862 2500 1115 2567 genereadrpeaiem

192 2567 321 2626 traducta,
333 2572 388 2626 aut,
401 2565 432 2617 in
443 2565 602 2632 dpfinitiam,
616 2564 719 2631 adjectio
728 2568 848 2632 propriis
859 2569 893 2619 ad
903 2569 1062 2621 communia.

174 2679 179 2696 ,.
229 2635 458 2688 (1666661166.
495 2633 580 2686 Inui.
595 2637 636 2685 18.
656 2637 837 2689 commutabile
849 2637 998 2690 exordium.

161 2736 162 2740 =
192 2736 197 2744 ‹
230 2705 422 2765 Conuormu,
442 2719 502 2755 cum
513 2705 564 2755 abl.
573 2703 628 2755 aine
638 2719 760 2770 praepar.
776 2706 845 2775 Agr.
858 2706 876 2758 i.
890 2709 915 2757 5.
942 2706 1117 2775 possessionis

196 2774 325 2830 invidiam
335 2773 448 2839 pecunia
460 2777 625 2824 cornmutent.
637 2774 684 2825 ubi
694 2790 719 2824 a.
742 2772 890 2827 Tur-nebai.
903 2777 960 2844 add.
978 2776 1115 2829 Drakenb.

196 2843 413 2898 comeant.
434 2842 521 2894 Simili
534 2858 611 2895 sensu
632 2842 667 2894 ad
688 2841 790 2895 Hercu.
804 2845 833 2896 ii.
848 2847 888 2896 19.
908 2851 944 2896 est
965 2847 1027 2898 leve
1046 2862 1119 2897 com·

170 2924 174 2958 1
197 2914 326 2984 pendium
346 2911 439 2965 fraude
460 2912 578 2964 maxima
596 2918 828 2965 commutaverunt.
863 2913 970 2965 Cluent.
983 2917 1026 2966 46.
1039 2914 1119 2966 fidem

197 3000 273 3038 enam
285 2988 315 3035 et
327 2983 484 3051 religionem
497 2981 612 3049 pecunia
623 2983 799 3041 accumulavit,
812 2983 831 3033 i.
843 2997 869 3033 e.
881 2981 1004 3033 uendidit.

232 3053 396 3105 06611666.
414 3053 471 3105 adu.
490 3051 553 3103 ntt.
566 3065 592 3102 x.
607 3052 649 3102 12.
676 3054 708 3102 ut
728 3057 858 3116 cmnpacto
878 3051 1008 3117 prohibiti
1026 3049 1120 3104 videa·

199 3139 267 3181 111111.

234 3192 391 3245 Gouriane.
413 3190 521 3243 Seneci.
533 3191 577 3241 21.
596 3203 730 3253 compages
742 3189 868 3255 corporis.

233 3261 362 3315 0611616.
382 3257 495 3342 (nagera)
512 3259 542 3311 in
553 3258 691 3314 rhetoricis
703 3258 789 3322 qaid?
805 3258 838 3309 ad
850 3255 918 3309 Her.
931 3258 967 3310 ir.
977 3260 1021 3310 20.

233 3330 448 3387 &unanimum
468 3328 561 3380 simile.
582 3326 639 3379 Iuv.
654 3330 672 3380 i.
685 3330 727 3379 42.
742 3330 784 3379 36.

180 3431 185 3442 ·
233 3399 419 3451 Comununuu.
447 3396 557 3449 176161.
579 3400 603 3445 1.
621 3398 819 3449 accusationem
840 3411 1001 3462 comparare,
1023 3397 1121 3449 dicum

200 3475 272 3520 actor
284 3483 344 3519 cum
355 3483 385 3519 ea
396 3467 536 3532 conquirit,
547 3461 629 3530 facit,
643 3481 707 3530 puae
719 3468 753 3517 ad
770 3472 836 3517 recte
857 3467 1028 3518 manandum
1038 3467 1121 3532 perti·

200 3544 272 3589 mm.
291 3535 428 3592 166115.
448 3536 566 3587 animum
578 3533 707 3587 auditoris
728 3537 815 3587 idonee
835 3550 988 3603 comparare
1005 3536 1039 3588 ad
1058 3535 1123 3588 uell-
