2567 4209
4 83 91 252 p,

4 255 13 476 3

4 501 74 656 Ι,

491 320 743 380 ultimitate.
1017 327 1077 387 201

195 476 380 537 Entellum,
399 476 460 529 reite
478 477 663 540 intelligenter,
672 493 737 529 feam
756 477 861 537 delecta.
880 478 996 543 provide,
1016 493 1080 543 pert·

160 546 258 606 denter,
272 552 399 597 amatote.
436 547 494 598 lnv.
509 547 537 597 ii.
546 551 572 599 3.
600 550 746 600 sinautem
768 552 873 599 temere
885 548 986 614 aliquid
999 550 1081 600 alieu-

154 620 199 685 Jns
216 616 397 682 praeteriisse,
411 622 458 668 aut
482 632 534 668 nou
559 617 624 668 satis
649 619 779 681 eleganter
803 619 889 668 secuti
915 616 1076 670 videbimur.

165 686 241 737 Verr.
260 685 298 737 iii.
316 689 358 736 60.
390 685 454 753 quid
468 689 557 753 potnit
578 687 721 750 elegantias
742 687 832 738 faeere
845 695 955 752 pmetur
967 686 1080 753 cripidua

160 755 369 810 existimationis
383 757 476 815 bonae,
490 758 536 824 qui
548 758 582 808 ab
594 772 623 807 se
635 771 742 808 omnem
752 758 930 821 suspicionem
944 757 1082 823 propulsa·

161 830 277 877 rateto.
291 824 325 875 ad
334 826 396 877 niv.
406 828 432 875 8.
443 826 482 877 iii.
492 825 556 893 quid
566 842 582 876 a
594 841 638 877 me
646 825 704 877 lieri
712 827 803 891 potuit
815 826 957 889 elegantius
970 833 1017 877 aut
1025 828 1082 892 jus·

161 895 224 954 tius,
238 910 318 962 qnam
330 901 362 945 ut
374 900 477 947 sumtus
499 896 732 962 egentissimarum
755 896 899 946 civitatum
921 895 1080 958 minuerem,

161 967 219 1024 sine
232 965 287 1015 ulla
308 964 496 1015 imminutione
514 963 656 1032 dignitatis
669 972 732 1016 tuae
746 962 758 1013 l
776 964 809 1015 ad
822 964 900 1016 Brut.
916 967 957 1015 12.
975 966 1081 1029 optime

161 1034 239 1084 novit
251 1035 349 1092 omnia,
363 1038 393 1085 et
405 1034 594 1097 elegantissime
604 1034 734 1100 expedire
745 1038 774 1084 et
784 1034 816 1084 ad
828 1038 855 1085 ie
864 1034 1080 1100 deferre'potest.

161 1103 183 1153 i.
198 1118 223 1152 e.
237 1102 440 1153 accuratissime.
454 1102 506 1154 oid.
519 1101 624 1170 Seiopp.
638 1118 682 1168 ap.
696 1102 791 1153 Graan.
805 1103 838 1152 ad
848 1105 875 1154 Ιι.
889 1104 907 1153 l.

195 1170 373 1230 Rauennam,
386 1172 515 1223 motilitas
524 1178 547 1222 et
557 1187 666 1222 amanen
677 1171 873 1222 dialecticorum
881 1178 905 1223 et
914 1172 1081 1236 pbilosopho-

161 1255 232 1292 rum.
265 1240 324 1291 tin.
339 1242 367 1292 ii.
380 1243 405 1291 9.
426 1242 453 1292 iu
473 1242 523 1293 baa
535 1240 667 1293 divisione
692 1240 849 1305 elegantiam
861 1240 996 1293 desidero.
1016 1242 1078 1293 ibid.

158 1309 287 1374 elegantia
295 1310 452 1363 disserendi.
465 1310 499 1363 ad
508 1310 570 1362 Div.
582 1312 618 1362 iv.
627 1315 653 1362 4.
666 1310 695 1361 de
704 1309 839 1375 Sulpicio:
853 1310 932 1362 iaeiie
941 1310 1007 1362 cedo
1021 1315 1080 1362 tuo·

158 1395 217 1431 rum
230 1381 393 1445 scriptorum
406 1381 554 1432 subtilitati
567 1385 597 1432 et
609 1380 762 1444 elegantiae.
800 1379 857 1430 Fin.
872 1381 910 1431 iii.
920 1382 946 1431 2.
965 1382 1079 1448 agricul-

159 1454 229 1506 tura,
236 1464 306 1514 quae
314 1450 442 1501 abhorret
451 1451 485 1501 ab
493 1452 567 1501 omni
581 1451 709 1516 politiore
718 1450 854 1513 elegantia,
866 1457 957 1501 tamen
965 1466 1010 1501 eas
1025 1466 1076 1511 res,

161 1517 297 1583 inquibus
310 1523 441 1577 versatur,
455 1521 530 1571 novis
549 1513 657 1570 nota'vit
677 1521 777 1571 verbis.
813 1518 861 1571 Or.
875 1520 894 1570 i.
906 1522 932 1570 2.
952 1521 1080 1583 elegantia

162 1584 311 1644 doetrinae,
325 1592 361 1636 est
371 1588 538 1653 philosophia
550 1603 610 1638 enan
628 1589 719 1639 celena
731 1588 839 1646 artibus,
852 1588 883 1639 ln
896 1590 987 1652 quitur
999 1590 1080 1641 eonat-

162 1655 222 1706 litas
235 1660 259 1705 et
267 1669 376 1705 atamen
387 1662 432 1717 est,
445 1672 508 1721 qaae
521 1657 552 1707 ab
565 1658 666 1708 antibat
677 1658 850 1709 illiberalitas
861 1659 952 1708 atmne
965 1678 973 1707 :
993 1663 1021 1709 tu
1035 1674 1081 1710 au·

163 1728 221 1775 tem
234 1725 417 1791 eloquentiam
431 1728 466 1777 ab
487 1726 616 1789 elegantia
636 1728 768 1778 doetrinae
789 1727 978 1794 segregandam
991 1735 1080 1793 putas.

160 1793 226 1846 Jam
235 1794 298 1858 qaia
309 1794 448 1861 elegantia
460 1796 490 1845 in
501 1796 600 1846 artinas
610 1803 646 1848 eet
659 1797 804 1853 subtilitas,
808 1795 894 1863 facile
912 1798 1080 1860 intelligitur,

162 1863 329 1930 elegantiam
341 1864 369 1915 in
389 1864 511 1923 diceudo.
524 1864 604 1918 Brut.
615 1868 657 1917 72.
670 1866 718 1918 Or.
732 1868 751 1917 i.
767 1870 806 1918 12.
826 1881 879 1917 non
896 1883 946 1917 esre
958 1872 1082 1918 antalam

162 1932 242 1984 illam
254 1933 402 1986 oratoriam
414 1940 438 1985 et
449 1934 631 1999 nmgnifieam⁹
645 1937 687 1986 ted
698 1951 761 2000 qaae
774 1943 797 1988 et
809 1937 866 2002 ipsa
878 1936 1007 1987 subtilitas
1018 1936 1083 1988 diei·

161 2006 208 2053 tar
219 2002 250 2053 in
261 2002 404 2060 emittendo,
416 2004 443 2054 le.
453 2019 476 2054 e.
488 2010 563 2054 tenue
576 2004 649 2063 illud,
666 2012 698 2065 et,
712 2006 811 2072 inipso
828 2006 951 2057 tennimte
963 2012 987 2055 et
998 2006 1082 2069 negti·

159 2072 260 2135 gentio,
273 2071 328 2123 san
351 2070 380 2123 V
377 2073 497 2124 eneaibae
506 2080 615 2138 gratnm
626 2074 727 2127 dicendi
736 2092 827 2139 genas,
841 2091 891 2140 qao
908 2074 1013 2133 Caesar.
1031 2074 1081 2126 Te·

162 2141 272 2200 sentias,
286 2140 384 2208 Nepae.
397 2149 421 2194 et
442 2141 533 2194 Cinara
545 2145 575 2196 in
592 2144 789 2211 philosophicis,
802 2152 848 2196 ele.
866 2146 995 2196 asistente
1014 2144 1082 2210 quod

162 2216 186 2262 et
198 2210 263 2261 aidil
278 2209 409 2263 Vononem·
420 2213 449 2263 de
465 2212 493 2265 V
491 2214 502 2263 i
513 2220 538 2266 et
554 2212 611 2268 Usa
630 2213 709 2266 Veri.
721 2230 783 2280 pag.
797 2218 857 2266 521.
870 2215 908 2267 ed.
925 2214 1002 2280 Lips.
1028 2213 1081 2266 lta-

162 2294 210 2344 que
223 2280 285 2332 An.
298 2281 344 2332 vii.
355 2285 382 2333 3.
405 2281 529 2335 Terentio
541 2284 703 2335 nominatim
715 2286 852 2352 elegantia
863 2285 999 2335 tribuitur.
1029 2284 1078 2336 Or.

163 2350 192 2400 ii.
203 2354 227 2400 7.
241 2350 387 2402 subtilitati
395 2352 539 2417 jungitur:
557 2352 679 2410 Catulus,
688 2354 732 2405 eui
744 2353 841 2404 Graeci
855 2355 942 2405 solent
956 2354 1006 2421 ipsi
1016 2368 1080 2407 suae

162 2418 269 2487 linguae
302 2422 472 2474 subtilitatem
495 2422 701 2485 elegantiamque
724 2422 883 2473 concedere.
932 2422 1010 2475 Brut.
1037 2425 1079 2475 75.

162 2486 262 2539 Caesar
280 2486 313 2538 ad
326 2491 393 2539 bane
406 2490 711 2552 elegantiamaeaboram
725 2491 876 2546 latinorum.
890 2506 958 2557 quae
971 2493 1080 2545 etiamsi

163 2564 254 2607 orator
263 2570 314 2606 nun
327 2557 371 2612 sis.
384 2562 415 2607 et
424 2557 461 2608 sis
475 2559 603 2622 ingenuus
615 2556 682 2606 civis
696 2557 807 2607 Roman.
827 2562 917 2607 tamen
931 2563 1081 2620 necessaria

163 2629 215 2682 est,
226 2623 345 2691 adjungit
358 2626 406 2675 illa
423 2625 541 2675 oratoria
563 2630 722 2676 ornamenta
742 2624 858 2676 dicendi.
902 2625 1081 2681 Plenissimas

165 2710 177 2743 e
257 2709 286 2743 ns
299 2692 332 2743 ad
346 2692 466 2744 Herenu.
476 2694 512 2744 iv.
525 2695 564 2743 12.
584 2694 713 2756 elegantia
724 2700 776 2750 est.
789 2709 858 2762 quae
871 2693 945 2753 facit,
955 2702 987 2746 ut
999 2712 1081 2749 unum

237 2776 288 2828 que
302 2777 368 2825 pure
381 2765 410 2812 et
423 2768 518 2830 aperte
527 2762 580 2813 diei
593 2760 726 2822 videatur,
736 2766 792 2831 ejus
802 2770 893 2829 partes
902 2773 965 2815 sant
977 2764 1081 2817 Latini·

166 2836 179 2882 t
239 2837 250 2881 t
262 2832 428 2897 explanatio.
465 2830 480 2863 *
492 2830 625 2883 Similiter
635 2831 665 2884 in
677 2834 748 2884 mnu
759 2834 887 2897 elegantia
898 2850 952 2885 non
963 2841 1000 2886 est
1007 2851 1082 2899 mag·

164 2900 307 2967 nifieentia,
320 2902 363 2951 aed
374 2900 474 2966 alipaeid
484 2903 555 2952 inter
574 2902 659 2954 suades
678 2910 702 2954 et
721 2903 945 2969 magnificentiam
957 2904 1080 2956 interme·

164 2970 248 3031 diam,
260 2972 287 3022 la.
300 2986 323 3021 e.
335 2969 475 3023 munditia.
503 2970 536 3022 ad
549 2970 609 3023 Dir.
625 2974 662 3023 in.
674 2975 718 3025 20.
738 2972 848 3027 Verrius
861 2978 921 3025 taus
940 2981 970 3024 et
981 2972 1082 3027 Camil·

165 3042 214 3100 lus,
236 3056 290 3108 qua
309 3039 441 3092 munditia
461 3042 589 3102 homines,
606 3058 660 3110 qua
683 3044 838 3107 elegantia?
853 3042 945 3108 Itaque
958 3044 1038 3093 etiam
1050 3045 1079 3096 de

164 3109 281 3162 oratione
294 3113 355 3163 leaeo
371 3111 421 3162 daeo
427 3110 588 3176 iunguntur.
626 3111 703 3164 Orat.
715 3116 759 3165 23.
780 3112 875 3165 Furati
888 3129 952 3165 vero
965 3112 1081 3165 mediea-

165 3184 258 3232 menta
269 3180 389 3233 candoris
402 3188 432 3232 et
443 3181 546 3233 ruboris
557 3183 648 3234 omnia
660 3184 842 3251 repellentur:
862 3182 990 3247 elegantia
1002 3182 1080 3236 modo

165 3254 195 3299 et
209 3249 339 3303 munditia
349 3253 478 3303 orationis
490 3253 653 3304 remanebit.
672 3252 688 3284 *
700 3249 737 3304 est
748 3252 827 3303 etiam
837 3254 973 3321 elegantia
983 3253 1081 3304 inreli-

167 3318 291 3381 poenita,
305 3336 368 3384 qnae
380 3321 497 3372 inanibus
509 3328 533 3372 et
544 3323 621 3372 rebus
641 3322 764 3386 gerendis
783 3322 938 3382 continetur,
954 3325 1079 3374 innoeen-

167 3386 215 3437 tia.
253 3387 317 3440 Sall.
331 3392 374 3440 28.
393 3396 492 3443 vestra.
505 3392 551 3459 qui
563 3407 624 3444 cum
645 3408 749 3443 summa
760 3393 896 3459 elegantia
915 3397 998 3457 atque
1011 3394 1081 3444 inte·

165 3455 267 3523 gritate
282 3458 394 3517 vixistis.
408 3461 458 3512 hoe
480 3462 597 3512 maxime
610 3463 734 3520 interest,
748 3476 799 3512 non
811 3477 846 3512 ex
864 3460 975 3513 libidine
987 3467 1035 3513 aut
1047 3461 1081 3513 si·

167 3525 283 3646 muigate
301 3533 348 3605 aut
368 3529 482 3586 levitate
504 3532 616 3587 testium
635 3546 728 3584 causas
749 3532 922 3585 bonestorum
942 3531 1085 3585 hominum.

167 3609 219 3664 pon
238 3609 318 3655 erati.
