2567 4209
202 303 264 363 18⁰
606 294 724 351 tuuux

197 457 241 507 at.
259 452 339 509 Brut„
355 457 396 508 10.
412 451 496 507 Verr.
509 453 549 505 iii.
564 454 608 505 69.
626 453 701 506 *Sic
721 453 864 523 disciplina
882 454 986 507 navalia
1006 453 1125 510 Rhodio·

199 540 268 583 rum,
279 525 372 578 blauil.
383 528 424 577 18.
443 524 507 576 deon
517 529 548 574 nt
559 523 701 592 disciplina
711 525 845 584 militaris,
859 524 1007 575 continetur
1018 525 1125 578 institae·

199 594 233 646 tis
246 601 270 646 et
282 594 382 659 agnas
393 592 565 653 numenei,
578 599 602 645 et
621 594 766 654 navalibus,
779 594 808 645 de
820 593 875 644 acie
895 594 1056 655 insincerae,
1070 610 1125 647 aas

198 663 389 730 trispartendis‚
409 663 528 716 militurn
543 664 672 723 moribus,
694 663 756 724 ritu.
777 662 918 724 laboribus,
930 663 1124 716 exeredationi·

199 734 302 799 banue,
316 739 362 785 ete.
382 733 398 767 *
406 734 534 786 doctrina.
570 732 650 786 Verr.
660 734 697 787 iv.
710 735 754 785 bd.
781 733 811 784 de
823 731 1000 785 Arenimede:
1018 749 1124 787 summo

199 804 306 925 ingnio
315 811 345 856 at
356 803 504 870 disciplina.

261 887 391 926 [murus.
427 872 508 926 Tusa.
523 872 542 923 i.
554 874 598 925 33.
617 871 808 941 aegritudines,
823 873 888 932 irae,
899 871 1076 940 libidinesque
1088 889 1123 916 -e

198 958 264 1064 ff
277 945 308 1005 is,
321 947 416 995 contra
427 957 509 1009 quem
521 942 589 993 baec
609 940 745 1003 dicuutur,
758 946 876 993 semotas
887 958 904 994 a
915 946 1009 993 mente
1029 948 1060 998 ct
1070 942 1123 995 dis·

253 1028 281 1063 as
318 1016 388 1064 utat.
992 1053 994 1058 .

233 1029 327 1140 unci.
345 1080 509 1148 sinpliciter,
516 1093 567 1146 pra
579 1079 665 1132 literis
673 1095 780 1147 operam
791 1080 832 1131 dc.
868 1079 917 1132 Or.
931 1080 960 1132 ii.
976 1085 1000 1132 1.
1037 1082 1123 1136 Anto·

199 1154 258 1205 nius
271 1156 363 1204 autem
383 1153 434 1203 boc
453 1151 663 1216 probabiliorem
677 1150 776 1217 popula
787 1151 940 1202 orationem
951 1149 1009 1203 iore
1028 1168 1123 1205 cense-

198 1222 246 1274 bat
264 1236 347 1278 suam.
360 1221 382 1273 ai
402 1220 511 1272 omniuo
523 1217 641 1271 didicisse
664 1234 799 1287 uunquam
816 1224 970 1286 putaretur.
1000 1219 1121 1275 *discere

197 1306 305 1343 causam
318 1290 365 1341 Or.
379 1290 398 1341 i.
413 1291 455 1340 12.
467 1293 523 1340 etc.
536 1287 634 1339 dicitur
645 1287 790 1350 Patronus,
804 1288 850 1354 pai
859 1289 996 1343 *rationem
1008 1306 1122 1344 causaee

199 1360 299 1411 clientis
307 1358 460 1410 norruione
472 1357 610 1422 camarii,
619 1359 699 1410 cliens
712 1358 922 1411 contradoccre.
935 1374 960 1410 a
970 1358 1054 1413 Gran.
1062 1359 1122 1414 Ses-

197 1435 257 1481 tert.
271 1429 307 1479 io.
320 1431 346 1480 3.
355 1444 383 1494 p.
397 1429 458 1479 272.
476 1426 491 1460 *
505 1426 615 1479 Senect.
628 1430 654 1478 8.
673 1428 908 1494 discedantfidibrn
919 1428 1032 1494 aruiqui.

233 1498 453 1550 Drscnaranrn.
491 1496 549 1549 Fin.
564 1497 602 1548 iii.
615 1499 655 1549 12.
675 1500 803 1567 maiorem
825 1500 914 1550 multa
926 1499 998 1551 iuter
1015 1498 1122 1554 Stoicae

199 1567 437 1636 etPeripatetiaos
448 1582 507 1619 esse
526 1567 729 1632 discrepantiam
748 1582 848 1627 renem,
866 1583 948 1637 quam
965 1570 1120 1623 verborum.

199 1637 215 1672 *
227 1638 369 1704 apponitur
381 1636 538 1689 constantiae
554 1642 578 1688 et
586 1636 842 1702 aepubilitatiuitae
855 1644 879 1688 et
890 1652 1006 1689 numum.
1042 1640 1120 1693 Ollic.

195 1708 218 1760 i.
231 1710 274 1759 31.
294 1709 321 1759 in
332 1708 452 1760 actiones
461 1720 623 1775 omnemque
635 1709 722 1759 vitatu
733 1707 836 1759 nullam
847 1706 1050 1774 discrepantiam
1056 1725 1121 1763 cou-

198 1776 422 1831 serredebemus.

234 1848 421 1909 Discursu,
438 1845 556 1914 differre.
575 1845 657 1900 Tunc.
670 1847 745 1899 lint.
764 1846 891 1913 cncrepu
902 1847 1121 1903 atimendocou·

195 1916 290 1971 fidere.
310 1916 429 1983 *aptum
443 1932 498 1969 non
518 1933 578 1972 esse.
594 1933 649 1969 non
665 1916 812 1968 cmwenire.
844 1916 923 1969 Offic.
937 1917 1008 1969 ito.
1026 1919 1120 1972 riden-

196 1986 262 2039 dum
274 1990 318 2040 est
330 1989 358 2039 iu
370 1986 435 2044 vita,
449 1986 554 2053 nequid
564 1986 635 2039 forte
647 1987 781 2052 discrepet.
799 1985 815 2018 *
828 1984 928 2038 Partit.
941 1986 990 2039 Or.
1003 1990 1046 2040 38.
1066 1989 1120 2040 dis·

199 2071 304 2121 crepare
316 2071 375 2107 curn
387 2058 488 2108 ceteris
501 2056 618 2123 scriptis.
656 2055 678 2106 F
680 2058 716 2107 in.
730 2056 766 2107 iv.
778 2058 822 2107 22.
841 2056 905 2123 quid
923 2057 1045 2119 attinuit,
1058 2073 1119 2110 aum

199 2124 903 2247 ‘utilittiltiiibicrlitliiltttit
910 2124 1118 2263 ἓξὲξ...

199 2267 258 2317 vita
269 2266 353 2316 unius.
364 2262 422 2314 add.
436 2264 497 2314 ntt.
509 2266 565 2315 xri.
577 2265 617 2314 lin

233 2332 339 2385 Discus.
375 2332 422 2383 Or.
437 2334 465 2383 ii.
479 2335 504 2383 b.
523 2334 573 2386 hoc
586 2317 790 2399 ipsnstmpara
806 2349 867 2385 cum
878 2336 970 2388 amnia
980 2336 1118 2405 grmursia

197 2402 350 2470 philosophi
359 2407 671 2458 teneant.tamcnecn1m
679 2402 814 2455 auditores
822 2404 922 2458 &aare
930 2406 1117 2475 contraquam

198 2473 394 2540 philosophum.
407 2472 527 2524 malunt:
547 2473 592 2541 qui
611 2473 690 2523 simul
715 2477 746 2523 ut
759 2459 903 2539 increpuiit,
918 2477 944 2526 in
958 2475 1047 2527 media
1057 2491 1117 2528 ora·

198 2547 272 2594 tione
289 2541 323 2593 dc
335 2543 459 2594 maximis
473 2543 552 2594 rebus
569 2545 599 2593 et
618 2542 781 2609 gravissimis
794 2541 978 2610 disputantem
1000 2546 1116 2612 philoso-

197 2614 280 2680 phum
291 2626 385 2663 omues
404 2613 536 2664 unctionis
557 2627 636 2663 causa
649 2613 814 2680 relinquunt.
850 2611 916 2665 luit
930 2621 1016 2665 autem
1030 2613 1116 2667 disco·

198 2683 272 2734 bolia
283 2682 353 2733 inter
370 2696 469 2746 genera
480 2681 673 2733 coercitatianis
685 2681 755 2746 opud
772 2689 875 2742 ueteres,
893 2698 953 2734 aem
972 2684 1003 2735 in
1016 2699 1115 2735 rnassue

194 2752 339 2820 plumbeae,
352 2751 382 2801 in
392 2750 458 2801 disci
469 2751 579 2816 spectem
590 2751 729 2802 rotundam
748 2749 932 2818 certioraretur,
947 2753 1116 2819 projectioni-

196 2822 276 2872 basse
288 2826 434 2872 exercerent
445 2825 469 2870 et
480 2821 548 2871 uires
560 2820 728 2871 brachionem
739 2827 872 2884 angerent.
909 2820 999 2887 Itaque
1017 2821 1115 2875 Horat.

198 2888 288 2940 Carra.
301 2889 320 2940 i.
330 2891 356 2940 8.
375 2889 445 2940 inter
455 2889 558 2954 reliqua
573 2888 788 2940 exercitationum
809 2906 906 2954 genera
925 2892 1006 2943 etiarn
1026 2891 1114 2944 discus

196 2964 427 3010 commensuratur.

232 3028 401 3080 Discuruuu.
438 3026 524 3078 Acad.
537 3027 573 3078 ir.
588 3029 629 3078 lb.
667 3027 791 3079 disastere
811 3029 968 3094 captiones:
991 3045 1043 3095 pro
1063 3046 1114 3096 pue

195 3098 258 3149 aliis
271 3098 332 3149 locis
340 3104 385 3156 est,
397 3096 540 3156 dissolvere,
544 3093 686 3161 frangere.
705 3097 738 3148 ad
752 3096 814 3149 [liv.
826 3115 854 3150 x.
868 3101 911 3149 33.
930 3099 1054 3151 diswtere
1066 3101 1115 3152 ali·

194 3163 492 3233 cujus'cunctaticuem.
512 3165 545 3217 ad
559 3165 594 3222 Q.
605 3165 650 3217 Fr.
664 3166 692 3217 ii.
705 3168 745 3217 12.
772 3183 830 3219 reru
843 3172 931 3220 totam
943 3169 1114 3221 disnmerarn

196 3237 227 3359 Si.
237 3253 263 3288 e.
273 3243 302 3288 ut
310 3236 461 3302 rejiceretur
470 3232 616 3304 effeceram)
626 3263 634 3274 -
647 3263 659 3275 ·
669 3235 733 3286 nillil
744 3236 847 3287 lucilius
856 3242 907 3296 est.
920 3253 1000 3305 quam
1009 3239 1115 3306 reliqua

215 3307 329 3357 iscutere.
343 3304 406 3356 ibt'rl.
416 3308 457 3355 11.
472 3304 693 3373 dellommageno
702 3320 773 3372 rege,
784 3307 853 3373 quod
867 3322 924 3358 rem
932 3307 1112 3359 discesseram.

230 3374 376 3427 bisancos.
413 3374 461 3425 Or.
475 3375 492 3425 i.
506 3375 549 3424 21.
568 3375 694 3439 qrwmodo
706 3375 739 3424 ab
750 3375 880 3440 eloquente
891 3374 1024 3441 deffern?

231 3443 408 3502 Drsscncrw,
424 3459 506 3507 genus
515 3444 736 3502 mornciotr'onnrn,
746 3459 824 3508 prom
839 3445 914 3496 leodic
923 3445 1115 3511 oppositionem

196 3514 335 3578 appellant.
371 3513 440 3580 Top.
453 3517 493 3563 14.
513 3511 720 3578 indisjunctione
733 3514 792 3580 plns
804 3530 856 3566 uno
868 3529 961 3567 verum
981 3530 1040 3567 esse
1060 3529 1114 3567 uon

190 3586 298 3650 poten
316 3581 383 3635 Nat.
396 3580 430 3633 D.
444 3582 461 3634 i.
473 3583 517 3633 25.
535 3581 564 3634 iu
584 3584 705 3636 omuibus
717 3582 940 3649 disiunctionem,
962 3585 988 3636 iu
1006 3585 1116 3652 quibus,-
