2567 4209
501 325 753 379 usururrsrrs.
1033 333 1096 393 ηδ

209 483 360 534 Drssrouuu
380 497 440 533 eum
451 482 550 547 aliquo.
586 481 762 533 Acidim.
789 496 850 534 cum
869 480 1002 537 Cleanthe
1013 483 1099 553 Chry·

172 553 197 604 si
238 552 394 603 usdc'ssidet.

201 569 356 673 [dissuens
375 636 449 686 saepe
458 617 629 690 confunditur
641 620 671 670 in
679 617 758 670 Codd.
773 618 907 671 Ciceronis
920 635 979 672 eum
991 620 1099 674 discidi·

171 708 227 743 um.
267 691 299 742 ln
312 690 458 741 Nizoliano
470 689 568 741 Lerico
581 690 665 739 miella
677 689 733 738 nco
745 690 774 739 in
786 692 833 740 teos
849 691 926 741 outo
947 692 1097 752 laudantur,

171 762 218 811 ulei
227 760 366 811 dissidium
379 766 424 818 est,
437 774 497 810 ciem
513 774 563 809 esse
576 759 675 809 deberet
688 757 831 809 discidium
845 777 852 809 t
872 774 934 823 quos
948 757 1036 824 facile
1048 759 1101 811 dis·

173 846 269 886 cernes,
283 830 386 894 adjutus
395 830 445 885 isis.
457 844 521 893 quae
534 828 590 878 dini
603 827 790 878 indisclslium.

207 899 373 949 Drsssuuas.
410 898 458 949 Or.
473 898 514 949 111.
527 900 554 946 8:
571 895 636 964 quid
650 901 705 947 tam
718 896 844 947 dissimile
857 896 928 947 inter
940 913 978 948 se.

209 969 436 1019 Dsssruuoruoo.
474 967 534 1017 Fin.
548 966 587 1017 ili.
602 970 626 1017 7.
646 965 831 1017 dissimilitudo
852 981 912 1017 eum
932 968 973 1018 his
986 966 1101 1018 artibus.

171 1037 258 1089 oliv.
272 1043 297 1087 4.
970 1039 973 1043 ’

207 1105 450 1158 Drsssauusurusa
488 1102 568 1155 Brut.
583 1106 624 1155 79.
653 1105 757 1156 numeri
780 1118 831 1156 uon
852 1108 948 1171 aperte
961 1108 990 1156 et
1004 1103 1103 1156 codem

172 1175 259 1236 modo,
271 1174 317 1225 sod
329 1176 401 1224 ruric
413 1174 657 1237 dissimulanterque
670 1173 797 1224 conclusi.
815 1173 871 1223 scil.
884 1175 932 1224 hoo
948 1174 1025 1239 efficit
1042 1175 1101 1239 ipsa

171 1245 286 1298 uarietas
307 1243 488 1302 conclusionis,
512 1247 542 1292 ut
568 1257 621 1292 non
644 1248 770 1306 appareat
790 1242 955 1293 concludendi
978 1242 1102 1303 studium,

172 1313 241 1379 qstod
252 1328 323 1364 secus
336 1319 381 1372 est,
392 1328 451 1363 cum
463 1311 551 1362 eodem
562 1310 638 1361 niodo
651 1310 743 1361 omnia
754 1311 950 1368 coquludunlur.

208 1382 445 1434 Dsssruuusurus.
466 1380 514 1431 Or.
522 1381 554 1431 ii.
568 1383 610 1430 67.
630 1380 716 1430 ironia
728 1385 758 1430 et
765 1379 978 1431 dissimulantia:
996 1396 1031 1431 so.
1041 1380 1100 1446 ipsa

171 1452 257 1504 ironia
269 1457 304 1501 est
315 1451 521 1509 dissimulantis,
534 1456 563 1498 ut
576 1464 607 1499 eo
620 1447 797 1511 Ticlpltrusti
805 1447 926 1500 Claraet.
941 1465 962 1500 c.
979 1455 1002 1500 1.
1021 1450 1098 1500 intel·

174 1520 225 1584 ligi
234 1525 322 1582 potest.
336 1526 358 1568 et
369 1519 412 1577 iis,
425 1535 489 1582 quoe
503 1518 541 1569 iti
553 1517 732 1568 Casauionus.
753 1517 826 1569 Aliis
839 1519 901 1570 locis
922 1518 1014 1570 Cicero
1027 1518 1105 1570 dissi·
1139 1527 1145 1538 ·

148 1631 150 1635 ,
175 1589 355 1639 mutationem
366 1589 566 1651 iuterpretatur.
607 1587 614 1595 “

210 1656 369 1708 Drssrrsuo.
390 1655 494 1707 odDiv.
509 1656 566 1707 viii.
579 1660 605 1706 1.
625 1659 655 1707 tc
668 1657 833 1708 subrostrani
855 1657 1016 1721 dissiparant
1034 1658 1105 1724 peri·

176 1729 238 1780 isse.
279 1725 357 1777 Verr.
372 1725 390 1774 i.
404 1728 429 1775 6.
449 1739 510 1777 cum
528 1725 605 1775 istius
621 1726 702 1775 amici
716 1742 852 1777 sermones
864 1726 1013 1794 hujusmodi
1026 1727 1102 1777 dissi·

174 1796 319 1862 pavissent.
357 1793 455 1845 *Phil
470 1795 499 1845 11.
518 1797 544 1845 3.
571 1810 633 1845 crim
652 1794 829 1858 dissipauisses
850 1797 976 1863 reliquias
996 1796 1063 1862 reip.
1076 1795 1106 1846 de

175 1863 310 1999 &olenio
324 1863 371 1929 qui
381 1864 531 1929 pecuniane,
548 1878 613 1929 qnae
634 1863 665 1914 in
683 1864 789 1914 aerario
799 1864 896 1931 suerat
920 1866 1060 1934 abstulerat
1082 1870 1108 1916 et

210 1933 310 1983 uteret.

210 2001 380 2053 Dsssrrsrro.
417 2001 465 2053 Or.
480 2002 518 2053 iii.
533 2003 575 2052 54.
594 2000 736 2066 estfigura
748 2003 953 2063 scotiensium
969 2009 1052 2056 totum
1064 2005 1104 2055 ita

171 2071 355 2137 partimurqnt
366 2072 423 2122 nea
431 2072 532 2123 diuersa
540 2086 569 2122 ac
578 2071 670 2122 dissita
685 2072 877 2136 reprimantur,
896 2073 940 2123 hic
951 2100 964 2112 ·
974 2100 986 2112 ·
998 2074 1057 2126 illic
1068 2101 1080 2113 ·
1090 2100 1105 2114 ·

174 2141 249 2192 alibi.
262 2158 286 2192 o.
301 2141 414 2200 Quintil.
423 2141 461 2192 ir.
477 2145 517 2192 13.
538 2135 642 2206 qltiista
654 2139 734 2191 aCio.
745 2141 871 2207 dissipata
882 2142 935 2193 dici
946 2143 993 2194 ait.
1033 2142 1061 2195 V
1059 2143 1100 2195 ul·

171 2225 207 2274 go
220 2216 256 2261 est
267 2209 417 2276 disputatio
430 2211 483 2261 sine
495 2226 580 2261 sensu.
634 2237 640 2250 x
987 2223 990 2230 ’

208 2278 380 2332 Drssrrsuus.
400 2279 531 2346 dissipata
542 2280 674 2339 dicuntur,
692 2295 757 2345 quae
769 2296 823 2331 non
834 2286 895 2331 sunt
906 2281 940 2332 ad
958 2282 1024 2335 artis
1032 2280 1100 2349 sor·

173 2361 246 2399 neam
258 2351 368 2400 redacta.
405 2350 452 2400 Or.
462 2349 490 2400 ii.
504 2353 546 2400 33.
562 2352 605 2416 jus
618 2350 709 2409 civ-ile,
723 2350 792 2416 quod
806 2365 874 2400 nuuc
888 2351 973 2403 tusum
983 2359 1012 2404 et
1024 2353 1101 2405 dissi·

151 2471 152 2474 Ἴ
172 2424 266 2483 patum
278 2424 329 2477 cst,
344 2421 370 2469 iu
384 2425 461 2469 certa
472 2434 573 2485 genera
593 2435 699 2485 cogere,
717 2425 747 2468 et
767 2418 801 2468 od
813 2419 888 2469 'artis
906 2422 1018 2472 llumam
1031 2422 1103 2475 redi·

178 2502 252 2553 gere.
264 2485 299 2553 ss.
315 2490 332 2537 i.
348 2490 389 2537 12.
408 2485 604 2550 *opponuntur
621 2502 704 2549 porro
723 2488 879 2541 rrumerosis.
915 2488 963 2538 Or.
978 2494 1020 2540 71.
1039 2491 1105 2543 iaci·

177 2555 229 2606 lius
242 2563 286 2606 est
298 2561 363 2621 apta
375 2555 533 2612 dissolvero
545 2570 624 2620 quam
645 2554 771 2618 dissipata
788 2559 959 2606 conneotere.
978 2560 1040 2609 hinc
1052 2559 1100 2611 Or.

176 2627 220 2674 70.
240 2624 394 2674 sententiae
406 2622 554 2686 dissipatae.
592 2622 605 2653 *
622 2621 701 2672 Brut.
715 2623 759 2671 59.
784 2622 813 2671 de
826 2629 946 2672 aratore:
965 2624 992 2675 in
1005 2628 1105 2681 iustru-

179 2691 249 2742 endo
262 2691 423 2755 discipulus
442 2691 489 2754 qui
499 2690 605 2740 inuenta
617 2705 671 2740 non
683 2690 773 2740 ordine
786 2695 809 2740 et
822 2697 880 2755 apte
893 2692 1018 2758 disponit.

211 2758 414 2810 Dissouumuss.
453 2758 519 2810 Nat.
534 2758 613 2809 neor.
625 2760 664 2810 iii.
679 2761 720 2809 12.

211 2828 395 2887 Drssoovonu,
415 2827 445 2878 in
456 2842 484 2878 re
495 2828 660 2891 pecuniaria,
670 2828 766 2879 solvere
775 2826 870 2889 delita,
883 2830 1013 2896 uariisque
1022 2834 1107 2886 modis

175 2898 292 2949 dicituro
311 2896 390 2948 Verr.
405 2897 444 2951 111.
458 2898 499 2947 75.
511 2901 551 2948 77.
571 2897 707 2948 dissolvere
720 2898 800 2948 alicui
815 2901 968 2964 pecuniam.
1005 2901 1101 2958 Quint.

178 2970 205 3019 5.
226 2966 333 3018 dissolui
341 2982 402 3018 curn
414 2966 544 3032 Scapulis.
581 2965 674 3016 Plano.
685 2969 728 3016 28.
747 2967 883 3018 dissolvere
895 2983 1000 3021 menen.
1013 2971 1044 3022 it.
1058 2988 1107 3038 pe-

178 3039 297 3089 cuniam.
334 3035 413 3087 Vorr.
425 3052 450 3086 v.
466 3039 507 3086 13.
527 3035 626 3087 damna
637 3052 707 3102 quae
730 3037 829 3086 aetatis
843 3037 932 3089 l'ructu
945 3039 1069 3090 dissoluta
1081 3046 1106 3092 et
1203 3037 1205 3040 ’

96 3103 101 3106 ’
176 3115 352 3173 compensato
364 3102 433 3164 sunt.
470 3103 548 3155 *Sed
559 3106 683 3155 dicuntso
700 3107 790 3163 etiarn,
804 3106 850 3170 qui
869 3107 1011 3158 dissoluant
1029 3124 1107 3175 pecu·

174 3178 250 3227 niam
262 3182 401 3234 elumen,
415 3175 532 3226 dissolvit
569 3172 653 3225 Catil.
665 3176 693 3226 11.
703 3177 729 3225 8.
749 3174 855 3225 dissolui
866 3177 939 3228 nullo
952 3177 1030 3229 modo
1042 3193 1104 3244 pos·

142 3261 147 3270 ·
176 3250 248 3302 suut.
267 3244 428 3309 *depacisci
447 3243 574 3309 inprimis
590 3244 621 3294 in
632 3260 661 3295 re
679 3243 844 3310 pecuniario.
881 3245 961 3297 Rosc.
972 3245 1048 3299 Com.
1063 3251 1105 3301 18.

176 3314 311 3364 dissolvere
325 3320 527 3381 prosuaporte.
552 3312 1029 3382 *Hinoetiamadaliatranqsertun
1059 3314 1107 3369 Sic·

178 3383 240 3432 Ati.
250 3387 339 3433 rell.
349 3384 484 3435 dissolvere
497 3381 588 3434 voto*
596 3380 727 3449 roseliers
735 3383 860 3434 011138.
870 3377 1006 3436 dialectici
1018 3386 1105 3438 multa

178 3449 400 3519 inveniuntur.
418 3450 589 3521 sophismata)
607 3468 676 3518 quae
690 3454 741 3518 ipsi
750 3466 804 3503 uon
823 3458 935 3518 possunt
955 3454 1101 3507 dissolvere.

177 3519 258 3572 'l'usu
273 3520 367 3571 11130.
387 3529 530 3589 utrumque
551 3521 709 3572 dissolvitur.
746 3521 825 3574 Rosc.
839 3521 902 3571 Aru.
915 3524 958 3573 29.
977 3522 1102 3575 dissoluta

176 3594 220 3642 est
232 3589 393 3641 criminatio.
429 3591 520 3643 Dicin.
534 3592 562 3642 ii.
579 3593 619 3641 15.
646 3593 697 3643 hoc
713 3595 782 3651 erat,
796 3589 865 3659 quod
878 3606 928 3661 ego
947 3606 1000 3645 nou
1019 3593 1099 3664 rebels
