2567 4209
196 295 258 364 ιη
597 294 715 349 rnnnx

191 452 259 510 ,alias
277 447 427 516 effrenum,
440 466 555 518 gramm
572 468 619 519 ope
632 449 721 519 facile
733 450 828 516 abigite
846 448 925 516 bajas
936 451 1011 503 oerbi
1021 446 1061 503 ois
1077 451 1120 503 in·

190 520 277 585 telligi
288 526 312 572 et
324 522 383 573 ensi
400 520 493 588 possit
514 526 538 575 1.
551 521 667 587 digram
684 527 721 573 est
740 520 927 585 emanataqua
946 521 1005 586 qais
1024 522 1120 586 dignas

191 590 331 655 ntaliqaa
348 607 387 652 re,
406 597 542 656 tamqnam
563 592 732 656 magistratu,
752 593 858 649 bonore,
883 591 1046 651 monendis,
1070 598 1117 642 ete.

192 659 334 726 beneficio:
352 676 417 727 asiae
429 660 547 726 definitio
558 659 622 728 sere
635 661 753 718 ertrsnnit
766 676 826 712 eram
837 658 1022 714 Ciceroniana.
1058 660 1121 712 Mn·

193 745 250 783 ren.
259 732 286 782 8.
306 745 359 783 non
370 730 486 784 eundem
498 729 621 784 ordinem
633 747 693 784 esse
705 728 844 794 dignitatis
856 734 886 782 et
899 732 1118 782 renunciationin

191 799 256 851 abed
265 802 291 850 9.
310 800 437 864 digasitate
457 800 640 859 contendere3
660 802 687 852 b.
700 817 723 852 e.
745 800 804 865 qais
827 800 910 851 altero
928 802 963 854 sit
983 800 1119 851 connodata

192 868 309 934 dignior.
323 870 387 922 ibid.
399 875 440 921 11.
458 886 563 923 samma
575 871 690 936 dignitas
702 875 777 922 esset
793 870 821 920 in
838 871 879 927 iis,
893 872 948 921 eto.
968 869 1120 933 dignissimi

192 945 254 991 sanet
265 940 409 992 consulatu.
419 940 484 993 ibid.
495 943 537 992 19.
549 940 665 1005 dignitas
677 939 823 993 consolaris
835 940 863 992 in
875 940 930 990 ista
938 939 1056 991 seientia
1067 954 1120 991 non

194 1008 248 1061 biit
261 1029 267 1060 ε
288 1011 314 1062 b.
327 1026 353 1063 e.
366 1026 443 1061 nemo
460 1016 569 1076 propter
580 1009 657 1062 illam
669 1009 806 1061 scienotiam
818 1008 913 1072 dignas
925 1009 1060 1060 somniatis
1073 1009 1120 1074 ja·

193 1077 350 1131 diannust.
376 1079 410 1131 ad
423 1079 485 1132 Div.
502 1081 540 1132 xi.
556 1083 597 1131 17.
624 1079 720 1131 Lamia
739 1079 812 1146 petit
834 1082 1007 1145 praeturam:
1026 1093 1120 1132 ornnes

195 1148 360 1218 intelligunt,
373 1166 424 1201 nee
435 1150 592 1213 dignitatem
602 1151 629 1201 ei
650 1149 755 1209 deesse,
768 1163 819 1199 nee
833 1150 959 1216 gratiam.
997 1147 1076 1199 Verr.
1091 1149 1121 1200 ii.

195 1220 237 1270 oo.
256 1234 291 1269 an
309 1234 423 1286 quornm
443 1222 609 1272 anctoritate
627 1223 731 1271 statuas
744 1223 804 1269 tuas
815 1219 994 1269 cohonestare
1006 1224 1120 1269 conatus

194 1303 233 1346 es,
243 1303 336 1340 eorum
349 1304 399 1356 ego
410 1289 537 1352 dignitate
550 1291 750 1340 accusationem
771 1303 860 1339 meam
876 1289 1053 1355 comprobare
1065 1302 1120 1340 non

195 1355 317 1425 potero?
335 1359 361 1409 b.
374 1374 400 1409 e.
427 1357 459 1409 Si
474 1364 571 1409 statuas
582 1364 640 1409 inas
651 1357 701 1409 tibi
718 1356 876 1422 honorificas
890 1358 1001 1421 potuisti
1012 1357 1118 1422 efficere,

196 1427 264 1493 qnod
270 1426 491 1479 Sisalosonetores
499 1443 591 1479 eonem
597 1428 782 1494 ponendorum
789 1424 1031 1492 disistisaisse,ego
1038 1428 1121 1479 etiarn

197 1496 266 1548 mibi
285 1498 421 1549 honestam
432 1514 484 1549 esse
494 1499 618 1563 probabo,
631 1503 655 1549 te
668 1512 797 1555 armare,
807 1497 831 1547 si
842 1497 942 1557 dinero,
955 1496 1059 1548 Siculos
1068 1513 1120 1549 esse

196 1566 297 1631 dignos,
308 1567 404 1631 anibas
415 1568 464 1619 boe
476 1567 556 1634 efferii
565 1568 701 1618 tritantur
711 1581 728 1617 a
745 1582 796 1617 me.
821 1565 886 1617 Jorn
895 1566 1022 1631 quorsiarn
1033 1567 1064 1627 ii,
1074 1566 1122 1631 qni

194 1636 272 1699 digni
278 1642 346 1697 saint,
355 1638 447 1702 quibas
454 1636 605 1702 bnjnsmodi
612 1652 654 1688 res
663 1637 824 1695 tribuantur,
834 1636 864 1687 in
873 1636 1120 1702 qaadarnornplita·

194 1704 264 1766 dine,
283 1707 421 1770 splendore
441 1712 465 1759 et
485 1706 640 1760 annositate
665 1712 734 1767 sarit,
747 1711 886 1771 propterea
904 1704 1020 1769 dignitas
1039 1705 1122 1757 etiam

196 1774 294 1827 dieitur
303 1791 354 1841 pro
372 1777 514 1842 splendore,
530 1775 712 1841 amplitudine,
728 1774 889 1835 adamnan,
902 1790 968 1839 qnae
979 1790 1011 1826 ea
1022 1774 1122 1839 magn

196 1845 309 1901 trotibas
320 1847 444 1912 rebnsqne
463 1846 576 1911 publicis
595 1847 657 1897 berse
668 1846 757 1909 gostis,
770 1843 912 1910 sapientiae
924 1844 1057 1910 opinione,
1069 1850 1117 1896 ete.

195 1914 381 1980 nanciscitur.
417 1916 470 1968 Off.
484 1917 502 1967 i.
514 1918 558 1967 99.
585 1913 704 1970 ornanda
726 1914 841 1978 dignatas
864 1913 953 1966 domo.
998 1913 1076 1966 Verr.
1090 1914 1120 1967 ii.

197 1986 241 2038 29.
260 1985 401 2037 nitebatur
413 1985 565 2053 frequentia
575 1985 679 2037 consilii
693 1989 724 2037 et
735 1983 870 2048 dignitate,
881 1998 932 2049 pro
944 1998 995 2049 naa
1006 1984 1068 2035 aliis
1079 1984 1119 2035 lo·

198 2054 235 2105 eis
248 2053 374 2120 splendor
384 2054 490 2106 dicitnr.
510 2070 598 2106 sensas
606 2060 694 2105 antem
702 2053 745 2105 bie
757 2059 810 2105 est:
823 2054 870 2105 boe
881 2053 1049 2119 potissimam
1060 2068 1121 2104 aon·

188 2121 291 2187 fidebat
302 2137 393 2174 consae
405 2139 473 2182 neae,
485 2124 552 2188 qnod
557 2122 659 2188 judiees
670 2129 752 2174 essent
759 2138 814 2174 non
821 2123 906 2174 solnm
913 2123 1000 2183 malti,
1010 2123 1057 2188 qni
1066 2138 1122 2174 non

190 2189 277 2258 saeile
288 2208 376 2243 omines
383 2197 487 2259 possent
499 2193 644 2258 eorrumpi,
657 2192 793 2243 sedetiam
802 2192 949 2258 nnadems,
956 2192 1024 2258 justi
1036 2199 1060 2245 et
1072 2194 1122 2244 boo

198 2262 272 2312 laide
282 2261 407 2324 irnignes,
420 2268 495 2328 atain
502 2262 579 2326 digni
594 2262 665 2320 adeo,
679 2263 726 2327 qni
731 2261 882 2327 indicarent
894 2278 990 2313 causas.
1011 2263 1054 2314 bia
1065 2277 1123 2313 sen·

199 2345 243 2382 sns
254 2336 290 2381 est
301 2330 417 2383 manime
436 2332 535 2383 obvias.
554 2337 591 2383 est
607 2332 670 2382 αᾶιο
680 2332 727 2383 nbi
737 2347 788 2396 pro
800 2332 959 2399 magistratu
977 2332 1076 2384 diodor
1086 2331 1121 2384 ad

199 2400 263 2452 Div.
279 2401 308 2451 ii.
321 2402 348 2451 9.
367 2401 455 2453 laetor
464 2407 524 2453 tum
537 2403 674 2467 praesenti
687 2405 745 2453 tum
758 2403 844 2453 etiam
856 2408 966 2468 sperata
978 2405 1026 2454 tua
1037 2400 1123 2470 digni·

200 2474 270 2521 tate.
280 2469 327 2521 nbi
337 2486 362 2521 o.
376 2470 482 2523 Manat.
495 2474 522 2523 2.
535 2470 652 2539 dignitas
663 2471 761 2522 dnitar
771 2471 800 2522 de
813 2471 848 2522 iis
860 2472 944 2531 rebas,
958 2486 1021 2536 qaae
1033 2471 1122 2537 aliqaao

199 2541 295 2605 dignae
307 2545 375 2599 sant,
388 2542 415 2593 b.
427 2558 449 2591 e.
462 2557 523 2592 earn
542 2541 637 2600 dcent,
654 2541 727 2606 eique
739 2540 904 2601 conveniant,
917 2542 942 2593 ei
961 2540 1069 2606 danim
1080 2541 1123 2592 de·

201 2612 303 2663 bentar.
322 2608 375 2661 Off.
389 2612 407 2662 i.
420 2614 463 2663 99.
483 2611 563 2677 piena
574 2611 711 2674 dignitatis
723 2610 834 2662 domas:
853 2611 880 2662 h.
893 2626 918 2662 e.
931 2612 1013 2675 digna
1020 2610 1123 2664 domini

197 2679 323 2746 personna?
338 2680 481 2761 ibidemgsse
493 2681 597 2747 species
610 2685 639 2732 et
661 2679 776 2747 dignitas
790 2673 953 2743 jungantur.
989 2680 1025 2736 Q.
1040 2680 1085 2731 Fr.
1101 2681 1121 2730 i.

200 2753 227 2802 2.
245 2767 270 2802 e.
285 2753 309 2800 1.
322 2753 427 2816 speeies
439 2765 498 2818 ipsa
509 2755 566 2801 tam
587 2752 697 2817 gratiosi
711 2750 803 2801 liberti
820 2755 868 2801 aut
881 2753 952 2802 servi
965 2750 1122 2814 dignitatem

201 2820 302 2872 habere
313 2820 416 2872 nullam
429 2824 530 2887 potest.
555 2818 636 2871 Taso.
650 2836 677 2871 v.
688 2821 730 2870 10.
744 2817 871 2881 dignam
880 2821 1034 2874 sententiae
1046 2818 1122 2886 oapi·

202 2893 267 2941 tar:
286 2889 313 2940 b.
326 2905 349 2940 e.
362 2890 425 2954 qnia
436 2891 542 2941 nonesto
553 2894 597 2948 est,
610 2888 692 2953 digna
703 2888 808 2939 bomine
824 2889 938 2941 nonesto.
974 2888 1022 2941 Or.
1037 2889 1066 2940 ii.
1079 2890 1122 2940 90.

202 2961 323 3011 retinere
330 2957 485 3023 dignitatem
497 2958 524 3010 in
534 2959 613 3010 rebus
623 2958 726 3024 asperis
740 2977 746 3008 :
766 2958 792 3008 b.
806 2955 934 3025 esortem
945 2974 970 3010 se
980 2959 1123 3024 praebere.-

191 3026 328 3096 fortitudo
339 3034 427 3079 antem
435 3028 465 3079 in
472 3028 548 3077 rebas
559 3025 673 3077 adversis
685 3027 801 3078 inarime
808 3026 877 3079 decet
888 3043 998 3093 magnios
1005 3028 1125 3080 nomines

203 3097 374 3163 etsapientes.
410 3096 469 3149 inv.
482 3096 511 3147 ii.
524 3098 567 3146 53.
589 3096 700 3162 justitia
722 3100 765 3147 est
786 3096 902 3159 habitus,
927 3113 1001 3149 snam
1025 3097 1125 3165 eniqoe

203 3169 325 3221 tribuens
337 3166 500 3231 dignitatem.
536 3163 617 3224 Hine,
631 3165 756 3230 qnoninn
775 3170 838 3230 apta
856 3173 881 3218 et
901 3168 1021 3233 paleira,
1041 3181 1124 3231 neniae

203 3243 292 3289 tanen
302 3237 384 3288 nimis
395 3230 601 3300 oenastasorma
611 3240 636 3285 et
648 3235 742 3299 species
753 3234 821 3285 decet
828 3236 909 3296 viros,
920 3243 1060 3303 propterea
1066 3235 1123 3299 dig·

204 3307 275 3359 nitas
287 3305 366 3357 etiarn
378 3306 407 3357 de
416 3302 611 3371 palebritadine
631 3303 690 3355 viro
701 3302 782 3367 digna
792 3303 900 3357 dieitur.
936 3304 988 3358 oa.
1002 3308 1021 3358 i.
1034 3308 1077 3357 90.
1097 3305 1126 3358 in

205 3376 292 3429 torma
303 3375 419 3440 dignitas
435 3377 466 3426 et
477 3380 613 3425 venustas.
634 3371 670 3424 ei.
690 3371 796 3426 invent.
814 3374 843 3425 ii.
863 3379 888 3427 1.
906 3390 987 3440 neque
999 3375 1084 3426 solam
1096 3375 1126 3426 de

203 3442 511 3513 patcbritadinesnmae
523 3444 662 3502 bonanae,
674 3442 808 3494 sedetiam
818 3444 936 3496 aliannn
943 3459 1048 3496 renam.
1075 3443 1124 3496 Or.

207 3517 226 3566 i.
239 3518 282 3566 91.
300 3514 330 3566 de
342 3522 461 3567 oratore:
479 3528 560 3581 agere
572 3526 635 3564 enm
655 3512 781 3576 dignitate
799 3516 830 3564 et
842 3518 996 3566 venustate.
1033 3512 1127 3578 Ipsum

207 3584 316 3648 deniqne
344 3602 364 3635 re
401 3584 494 3641 own
519 3582 586 3647 qaod
607 3582 723 3634 rbetores
747 3582 844 3633 dnnnt.
868 3582 985 3653 dignitas
1007 3588 1124 3638 romine.

207 3652 314 3705 lavent.
327 3652 346 3704 i.
358 3602 402 3704 ἐξ
421 3665 592 3718 &nonarum
604 3652 742 3718 dignitates
753 3667 871 3712 servare.
