2567 4209
2073 160 2110 197 ο

1012 313 1515 373 LA‘rlm'rAms.
2066 320 2185 384 12⁷

351 489 441 528 me
465 474 778 527 conturbare
802 477 1023 541 oportet
1047 471 1169 544 (int.
1194 474 1453 545 rationes)
1476 472 1549 531 Q.
1576 472 1666 526 Fr.
1692 473 1749 526 ii.
1772 475 1853 527 12.
1892 473 2026 525 nihil
2049 489 2186 537 esse,

350 543 492 625 quod
534 548 656 612 post
697 546 798 595 hac
836 559 994 597 arcae
1018 550 1235 597 nostrae
1275 544 1469 597 fiducia
1492 545 1836 596 conturbaret.
1863 543 1933 595 ci'.
1959 543 2026 595 ad
2063 546 2187 596 Att.

347 614 420 666 iv.
444 619 493 666 7.

348 681 851 817 ὁθῡῗτυιωτσε.
921 680 1085 735 Tusc.
1112 683 1191 736 iii.
1218 686 1268 734 7.
1308 684 1639 735 conturbatus
1661 682 1875 735 oculus:
1915 682 1951 732 i.
1970 696 2023 732 e.
2046 696 2187 735 mor⁴

434 767 469 802 a
510 758 665 803 ectus.

417 820 848 874 Communes-rio.
920 819 1060 889 Top.
1091 824 1171 874 12.
1212 822 1489 884 titubatio,
1530 826 1589 874 et
1631 822 1675 873 si
1714 836 1853 889 quae
1894 820 2002 873 alia
2038 821 2186 890 signa

349 891 760 944 conturbationis
782 895 845 943 et
864 892 1247 943 conscientiae.

416 959 777 1012 Commo-ron.
850 960 974 1012 Att.
1000 976 1054 1012 x.
1084 965 1165 1012 17.
1197 962 1328 1014 navi
1360 963 1474 1030 eJus
1498 964 1559 1014 et
1599 961 1716 1028 ipso
1752 966 2045 1013 convectore
2094 973 2186 1013 me

349 1042 567 1082 usurum
597 1034 747 1096 puto.

419 1098 816 1160 Conveniunt,
852 1096 1104 1165 refutare.
1141 1099 1239 1153 Or.
1267 1100 1326 1152 ii.
1346 1103 1435 1152 51.
1470 1116 1538 1152 ne
1563 1099 1839 1151 convellere
1880 1099 2184 1153 adoriamur

348 1182 597 1289 ceduno
634 1183 736 1219 non
775 1170 981 1235 possint
1017 1173 1365 1222 commoveri.
1404 1169 1672 1236 *eripere
1745 1170 1869 1221 Att.
1896 1186 1949 1221 v.
1974 1172 2061 1221 20.
2098 1173 2179 1230 ut,

347 1253 418 1306 qu
517 1243 611 1289 tuo
635 1252 860 1306 meoque
884 1238 1144 1291 beneficio
1168 1254 1305 1307 puer
1321 1240 1504 1300 habet,
1531 1255 1599 1292 ne
1625 1254 1731 1307 qua
1753 1241 1961 1291 ratione
1984 1238 2183 1291 convel-

412 1375 792 1436 Convmnmts,
831 1377 1048 1437 amicus,
1083 1392 1311 1429 concors.
1385 1377 1490 1430 Off.
1517 1380 1554 1430 i.
1576 1381 1659 1429 17.
1697 1378 1838 1430 bene
1876 1376 2181 1429 convenien-

344 1449 417 1497 tes
441 1447 745 1513 propinqui.
773 1443 843 1512 ff.
871 1447 1030 1498 Rosc.
1062 1447 1188 1498 Am.
1226 1450 1313 1498 34.
1352 1448 1488 1499 item
1529 1447 1862 1501 consentiens.
1933 1446 2091 1498 Dom.
2118 1446 2179 1498 ii.

347 1518 397 1565 4.
435 1515 739 1566 conveniens
763 1520 821 1566 et
847 1518 1130 1584 conjuncta
1153 1518 1472 1569 constantia.

413 1582 850 1635 commas-m
886 1590 1128 1637 naturae.
1202 1584 1277 1636 N.
1320 1585 1387 1636 D.
1429 1586 1507 1638 iii.
1553 1590 1635 1638 11.
1673 1591 1745 1637 αἱ
1784 1587 2065 1649 evaporabunt..
2105 1582 2177 1636 cf.

343 1650 470 1705 Div.
521 1654 578 1705 ii.
624 1656 706 1704 15.
734 1655 820 1704 60.
906 1652 1082 1705 *Fin.
1111 1654 1188 1705 iii.
1216 1657 1266 1705 6.
1304 1654 1444 1723 quod
1484 1654 1650 1721 imm
1651 1674 1721 1707 m
1747 1654 1934 1712 Stoici,
1969 1668 2179 1719 nesap-

344 1723 612 1803 pellemus
635 1723 1062 1784 convenientiam,
1105 1724 1148 1774 si
1193 1724 1393 1789 placet.
1467 1722 1497 1756 *
1523 1722 1826 1780 Consensus,
1869 1721 2176 1772 constantia.

342 1790 477 1843 Nat.
505 1791 570 1843 D.
597 1792 656 1843 ii.
682 1794 768 1843 21.
808 1792 982 1843 hanc·
969 1808 1024 1843 m
1055 1793 1229 1844 stellis
1265 1791 1641 1848 constantiam,
1669 1792 1804 1842 hanc
1830 1795 2037 1840 tantam
2063 1794 2178 1842 tam

342 1860 504 1913 variis
529 1861 802 1914 cursibus
789 1876 841 1913 m
865 1864 1010 1912 omni
1035 1861 1367 1913 aeternitate
1403 1859 1813 1912 convenientiam
1851 1863 2176 1924 temporum.

341 1928 493 1981 Lael.
512 1932 598 1981 27.
638 1931 694 1981 in
717 1930 963 1982 amicitia
985 1934 1072 1982 est
1096 1930 1453 1982 convenient-ia
1475 1944 1674 1988 rerum,
1702 1928 1755 1980 in
1781 1944 1850 1980 ea
1886 1928 2175 1989 stabilium,

343 2001 398 2050 in
426 2015 492 2050 ea
514 1999 839 2051 constantia.

408 2067 878 2121 Conveniam-nn.
951 2066 1113 2121 Tusc.
1140 2072 1191 2122 9.
1230 2066 1589 2120 convenienter
1611 2066 1792 2119 dicere
1841 2066 2077 2133 aliquid3
2116 2065 2183 2118 de

332 2138 662 2220 philosophis
686 2144 775 2198 est,
820 2153 955 2198 cum,
999 2139 1134 2204 quod
1169 2138 1362 2200 dicunt,
1402 2152 1511 2189 non
1544 2142 1802 2203 repugnat
1825 2136 1947 2188 aliis
1964 2136 2178 2202 placitis

339 2221 596 2271 ipsorum.
623 2224 675 2259 v.
701 2212 1030 2260 constanter.

408 2273 764 2328 Conversum,
802 2277 863 2328 in
886 2278 1114 2342 aliquem
1138 2278 1408 2329 convenire
1424 2276 1634 2336 dicitur,
1671 2275 1806 2341 quod
1827 2275 1896 2326 ad
1916 2290 2037 2327 eum
2054 2289 2176 2341 per·

340 2343 486 2402 tinet,
512 2345 572 2395 in
595 2360 716 2396 eum
739 2346 890 2406 cadit,
908 2347 959 2397 ei
981 2353 1159 2412 aptum
1185 2353 1275 2398 est.
1349 2346 1507 2399 Rosc.
1536 2346 1657 2397 Am.
1682 2348 1769 2397 23.
1802 2345 2034 2412 suspicio
2057 2359 2178 2395 con-

341 2411 482 2462 venit
521 2412 583 2462 in
620 2414 874 2481 aliquem.
914 2414 1046 2467 Sull.
1074 2419 1123 2467 7.
1160 2417 1489 2467 contumelia
1527 2416 1593 2465 ad
1630 2416 1772 2466 maxi
1868 2431 1918 2466 m
1960 2419 2177 2480 partem

344 2480 544 2531 civium
571 2482 820 2533 convenit.
865 2482 982 2534 Fin.
1005 2486 1084 2536 iii.
1109 2488 1188 2534 14.
1228 2487 1272 2536 si
1291 2485 1539 2535 cothurni
1565 2484 1677 2534 laus
1703 2498 1820 2534 esse
1763 2430 1866 2540 εὝ
1892 2484 1958 2533 ad
1973 2482 2172 2548 pedem

341 2553 472 2613 apte
496 2550 785 2600 convenire.
822 2550 854 2582 *
878 2559 1125 2611 constare,
1152 2552 1458 2602 consentire.
1530 2551 1693 2602 Tusc.
1710 2567 1763 2602 v.
1787 2555 1867 2601 11.
1885 2567 2045 2619 quam
2068 2552 2175 2603 sibi

342 2618 630 2677 conveniat.
655 2634 710 2670 v,
730 2622 1134 2671 convenienter.
1207 2619 1325 2671 Fin.
1354 2619 1431 2670 iii.
1456 2622 1545 2671 22.
1582 2620 1849 2685 posterius
1880 2620 2044 2684 priori
2070 2634 2176 2671 non

341 2686 592 2738 convenit.
649 2685 680 2719 ’¹‘
706 2701 786 2737 res
827 2688 1076 2747 convenit,
1127 2702 1245 2739 cwrn
1292 2688 1623 2753 componitur
1662 2687 2037 2769 pacificatione,
2080 2692 2173 2740 etc.

345 2755 465 2807 Att.
493 2756 565 2808 ix.
593 2757 644 2806 6.
683 2754 915 2823 dumque
940 2772 1058 2807 rem
1081 2762 1448 2807 conventuram
1471 2760 1739 2823 putamuS.
1810 2754 1951 2807 Phil.
1978 2756 2094 2807 xiii.
2124 2760 2173 2808 1.

339 2825 389 2875 si
413 2825 744 2884 convenisset,
779 2839 849 2875 sc.
887 2840 994 2889 par
1019 2826 1159 2875 inter
1179 2824 1386 2876 Sullam
1409 2831 1456 2875 et
1479 2824 1792 2891 Scipionem.
1867 2824 1995 2893 Leg.
2023 2827 2059 2876 i.
2085 2827 2173 2878 20.

339 2894 383 2945 si
410 2895 618 2946 nollent
642 2895 887 2945 aetatem
913 2894 965 2945 in
1009 2894 1194 2945 litibus
1236 2900 1537 2952 conterere,
1565 2910 1719 2960 posse
1745 2910 1857 2945 rem
1883 2895 2171 2947 convenire.

337 2979 391 3016 v.
420 2964 585 3014 Gron.
613 2962 821 3015 Sestert.
843 2978 900 3028 p.
924 2965 1046 3016 213.
1085 2963 1115 2997 *
1142 2964 1193 3015 in
1220 2978 1435 3015 manum
1451 2966 1738 3014 convenire
1763 2962 1901 3029 Top.
1919 2965 1971 3014 3.
1996 2964 2175 3014 dicun-

334 3038 426 3085 tur
463 3048 671 3091 uxores,
713 3032 1020 3098 quibuscum
1059 3038 1152 3083 aut
1187 3048 1288 3083 usu
1328 3038 1419 3082 aut
1443 3033 1722 3083 coemtiom
1768 3032 2176 3085 matrimonium

337 3103 684 3154 contrahitur.
712 3118 764 3153 v.
792 3101 919 3153 Intt.
964 3103 1031 3153 ad
1068 3102 1105 3153 l.
1131 3116 1175 3152 c.
1250 3100 1294 3152 F
1297 3102 1430 3154 laec.
1474 3105 1561 3154 34.
1622 3101 1819 3153 mulier
1858 3102 1917 3151 in
1954 3113 2175 3153 manum

337 3178 659 3223 convenerat.
730 3171 788 3222 N
788 3186 891 3223 unc
915 3170 1092 3223 audio.
1168 3169 1271 3222 Sed
1298 3186 1497 3239 quaero
1524 3191 1537 3221 :
1577 3186 1689 3227 usu,
1716 3186 1782 3222 an
1819 3168 2122 3221 coemtione
2148 3167 2175 3221 Q

335 3241 422 3292 hic
445 3247 517 3292 est
541 3242 680 3292 locus
703 3241 960 3292 classicus·
1034 3241 1064 3274 *
1090 3240 1246 3292 Verr.
1276 3242 1333 3291 ii.
1365 3243 1445 3292 15.
1483 3239 1773 3292 adversarii
1800 3240 2091 3306 postulant,
2109 3243 2177 3291 ut

337 3310 394 3360 in
412 3324 532 3361 eam
559 3325 676 3362 rem
690 3309 900 3380 judiees
924 3309 1122 3362 dentur
1145 3325 1214 3362 ex
1240 3310 1321 3360 his
1345 3311 1675 3367 civitatibuS,
1694 3329 1830 3377 quai*
1854 3311 1902 3357 in
1930 3307 1980 3357 id
2007 3307 2171 3361 fin-um

336 3379 668 3429 convenirent
687 3398 703 3428 .-
740 3379 821 3431 die
856 3379 915 3429 in
953 3379 1085 3430 diese
1127 3377 1445 3430 Creis-Stadt
1482 3382 1770 3447 gehoerrrri.
1802 3381 1934 3441 ism-si
1963 3381 2071 3425 sris.
2115 3397 2171 3429 ωτι

336 3447 717 3507 conveniebant,
745 3463 863 3499 cum
888 3453 1160 3499 conventus
1180 3454 1395 3513 praetor
1417 3454 1606 3511 ageret,
1627 3449 1806 3513 qumi-*s
1834 3447 2035 3509 aima-siri
2059 3465 2175 3497 rmi-

334 3515 614 3566 troversiae
639 3522 779 3567 esset.
807 3533 859 3568 v.
887 3515 1193 3575 Conventus,
1268 3516 1299 3550 *
1323 3517 1536 3569 Cluent.
1559 3520 1641 3568 43.
1680 3517 1971 3565 Nem-imm
1995 3517 2175 3569 reine-

335 3588 464 3638 rnnt
485 3586 711 3653 majores
730 3587 899 3638 nostri
921 3600 1026 3640 non
1043 3585 1202 3639 modo
1224 3584 1294 3638 de
1303 3587 1710 3640 existimatione
1730 3589 2055 3653 cujusqumn,
2079 3589 2171 3641 sed
