<?xml version="1.0" encoding="UTF-8"?>
<!DOCTYPE html PUBLIC "-//W3C//DTD XHTML 1.0 Transitional//EN"
    "http://www.w3.org/TR/xhtml1/DTD/xhtml1-transitional.dtd">
<html xmlns="http://www.w3.org/1999/xhtml" xml:lang="en" lang="en">
 <head>
  <title>
</title>
<meta http-equiv="Content-Type" content="text/html;charset=utf-8" />
  <meta name='ocr-system' content='tesseract 3.04.00' />
  <meta name='ocr-capabilities' content='ocr_page ocr_carea ocr_par ocr_line ocrx_word'/>
</head>
<body>
  <div class='ocr_page' id='page_1' title='image "./joavgvstiernest00ernegoog_0274.png"; bbox 0 0 2567 4209; ppageno 0'>
   <div class='ocr_carea' id='block_1_1' title="bbox 197 278 719 379">
    <p class='ocr_par' dir='ltr' id='par_1_1' title="bbox 197 278 719 379">
     <span class='ocr_line' id='line_1_1' title="bbox 197 278 719 379; baseline -0.034 0"><span class='ocrx_word' id='word_1_1' title='bbox 197 321 260 379; x_wconf 80' lang='lat' dir='ltr'><strong><em>uon</em></strong></span> <span class='ocrx_word' id='word_1_2' title='bbox 436 278 439 295; x_wconf 81' lang='grc'><em>’</em></span> <span class='ocrx_word' id='word_1_3' title='bbox 599 308 719 364; x_wconf 79' lang='lat' dir='ltr'><strong><em>rnnnx</em></strong></span> 
     </span>
    </p>
   </div>
   <div class='ocr_carea' id='block_1_2' title="bbox 196 463 1128 2246">
    <p class='ocr_par' dir='ltr' id='par_1_2' title="bbox 196 463 1123 1294">
     <span class='ocr_line' id='line_1_2' title="bbox 197 463 1119 535; baseline -0.001 -15"><span class='ocrx_word' id='word_1_4' title='bbox 197 470 233 520; x_wconf 83' lang='lat' dir='ltr'><strong><em>iv.</em></strong></span> <span class='ocrx_word' id='word_1_5' title='bbox 248 473 272 520; x_wconf 92' lang='grc'><strong><em>1.</em></strong></span> <span class='ocrx_word' id='word_1_6' title='bbox 282 472 364 535; x_wconf 86' lang='lat' dir='ltr'><strong><em>potet.</em></strong></span> <span class='ocrx_word' id='word_1_7' title='bbox 400 465 573 519; x_wconf 81' lang='lat' dir='ltr'><strong><em>Miliuntem</em></strong></span> <span class='ocrx_word' id='word_1_8' title='bbox 589 467 675 533; x_wconf 85' lang='lat' dir='ltr'><strong><em>placet</em></strong></span> <span class='ocrx_word' id='word_1_9' title='bbox 695 467 810 531; x_wconf 75' lang='lat' dir='ltr'><strong><em>magne.</em></strong></span> <span class='ocrx_word' id='word_1_10' title='bbox 847 463 923 518; x_wconf 88' lang='lat' dir='ltr'><strong><em>Nom</em></strong></span> <span class='ocrx_word' id='word_1_11' title='bbox 933 470 1043 532; x_wconf 72' lang='lat' dir='ltr'><strong><em>utreque</em></strong></span> <span class='ocrx_word' id='word_1_12' title='bbox 1063 474 1119 519; x_wconf 86' lang='lat' dir='ltr'><strong><em>cdr-</em></strong></span> 
     </span>
     <span class='ocr_line' id='line_1_3' title="bbox 196 534 1121 603; baseline -0.002 -13"><span class='ocrx_word' id='word_1_13' title='bbox 196 539 280 590; x_wconf 85' lang='lat' dir='ltr'><strong><em>rectio</em></strong></span> <span class='ocrx_word' id='word_1_14' title='bbox 291 552 396 589; x_wconf 86' lang='lat' dir='ltr'><strong><em>sensnm</em></strong></span> <span class='ocrx_word' id='word_1_15' title='bbox 407 551 467 587; x_wconf 84' lang='lat' dir='ltr'><strong><em>eum</em></strong></span> <span class='ocrx_word' id='word_1_16' title='bbox 486 537 568 596; x_wconf 82' lang='lat' dir='ltr'><strong><em>ledet,</em></strong></span> <span class='ocrx_word' id='word_1_17' title='bbox 582 537 628 602; x_wconf 82' lang='lat' dir='ltr'><strong><em>psci</em></strong></span> <span class='ocrx_word' id='word_1_18' title='bbox 639 536 835 603; x_wconf 59' lang='lat' dir='ltr'><strong><em>minuentem</em></strong></span> <span class='ocrx_word' id='word_1_19' title='bbox 856 550 907 601; x_wconf 85' lang='lat' dir='ltr'><strong><em>pro</em></strong></span> <span class='ocrx_word' id='word_1_20' title='bbox 918 543 1003 588; x_wconf 84' lang='lat' dir='ltr'><strong><em>mente</em></strong></span> <span class='ocrx_word' id='word_1_21' title='bbox 1016 534 1121 589; x_wconf 58' lang='grc' dir='ltr'><em>ἄητο·</em></span> 
     </span>
     <span class='ocr_line' id='line_1_4' title="bbox 197 603 1119 671; baseline 0 -13"><span class='ocrx_word' id='word_1_22' title='bbox 197 607 249 667; x_wconf 86' lang='lat' dir='ltr'><strong><em>nis,</em></strong></span> <span class='ocrx_word' id='word_1_23' title='bbox 258 606 321 658; x_wconf 86' lang='lat' dir='ltr'><strong><em>dicit</em></strong></span> <span class='ocrx_word' id='word_1_24' title='bbox 333 626 341 656; x_wconf 90' lang='grc'><strong><em>.·</em></strong></span> <span class='ocrx_word' id='word_1_25' title='bbox 360 604 496 657; x_wconf 79' lang='lat' dir='ltr'><strong><em>Sednlinm</em></strong></span> <span class='ocrx_word' id='word_1_26' title='bbox 505 607 626 671; x_wconf 82' lang='lat' dir='ltr'><strong><em>primurn</em></strong></span> <span class='ocrx_word' id='word_1_27' title='bbox 638 605 740 657; x_wconf 72' lang='lat' dir='ltr'><strong><em>scipine</em></strong></span> <span class='ocrx_word' id='word_1_28' title='bbox 758 606 840 671; x_wconf 80' lang='lat' dir='ltr'><strong><em>legens</em></strong></span> <span class='ocrx_word' id='word_1_29' title='bbox 851 604 992 671; x_wconf 71' lang='lat' dir='ltr'><em>scripserat</em></span> <span class='ocrx_word' id='word_1_30' title='bbox 1002 603 1119 658; x_wconf 76' lang='lat' dir='ltr'><strong><em>Clodius.</em></strong></span> 
     </span>
     <span class='ocr_line' id='line_1_5' title="bbox 198 675 1119 741; baseline -0.001 -13"><span class='ocrx_word' id='word_1_31' title='bbox 198 675 301 728; x_wconf 81' lang='lat' dir='ltr'><strong><em>Solebat</em></strong></span> <span class='ocrx_word' id='word_1_32' title='bbox 313 675 385 726; x_wconf 87' lang='lat' dir='ltr'><strong><em>enim</em></strong></span> <span class='ocrx_word' id='word_1_33' title='bbox 404 690 500 726; x_wconf 88' lang='lat' dir='ltr'><strong><em>nomen</em></strong></span> <span class='ocrx_word' id='word_1_34' title='bbox 519 675 582 741; x_wconf 79' lang='lat' dir='ltr'><strong><em>ejus,</em></strong></span> <span class='ocrx_word' id='word_1_35' title='bbox 596 675 641 740; x_wconf 81' lang='lat' dir='ltr'><strong><em>poi</em></strong></span> <span class='ocrx_word' id='word_1_36' title='bbox 658 675 765 740; x_wconf 85' lang='lat' dir='ltr'><strong><em>primns</em></strong></span> <span class='ocrx_word' id='word_1_37' title='bbox 787 675 906 733; x_wconf 75' lang='lat' dir='ltr'><strong><em>sciverat,</em></strong></span> <span class='ocrx_word' id='word_1_38' title='bbox 918 690 974 725; x_wconf 83' lang='lat' dir='ltr'><strong><em>nno</em></strong></span> <span class='ocrx_word' id='word_1_39' title='bbox 993 690 1054 726; x_wconf 84' lang='lat' dir='ltr'><strong><em>cnm</em></strong></span> <span class='ocrx_word' id='word_1_40' title='bbox 1065 677 1119 740; x_wconf 82' lang='lat' dir='ltr'><strong><em>lege</em></strong></span> 
     </span>
     <span class='ocr_line' id='line_1_6' title="bbox 198 743 1121 813; baseline -0.001 -16"><span class='ocrx_word' id='word_1_41' title='bbox 198 745 290 797; x_wconf 85' lang='lat' dir='ltr'><strong><em>incidi.</em></strong></span> <span class='ocrx_word' id='word_1_42' title='bbox 327 743 442 796; x_wconf 80' lang='lat' dir='ltr'><strong><em>Homine</em></strong></span> <span class='ocrx_word' id='word_1_43' title='bbox 455 760 515 796; x_wconf 85' lang='lat' dir='ltr'><strong><em>uero</em></strong></span> <span class='ocrx_word' id='word_1_44' title='bbox 528 749 564 795; x_wconf 85' lang='lat' dir='ltr'><strong><em>est</em></strong></span> <span class='ocrx_word' id='word_1_45' title='bbox 575 744 749 809; x_wconf 80' lang='lat' dir='ltr'><strong><em>simpliciter:</em></strong></span> <span class='ocrx_word' id='word_1_46' title='bbox 761 745 977 813; x_wconf 84' lang='lat' dir='ltr'><strong><em>nomenelicujus</em></strong></span> <span class='ocrx_word' id='word_1_47' title='bbox 990 744 1121 796; x_wconf 85' lang='lat' dir='ltr'><strong><em>incidere.</em></strong></span> 
     </span>
     <span class='ocr_line' id='line_1_7' title="bbox 197 812 1123 883; baseline -0.001 -16"><span class='ocrx_word' id='word_1_48' title='bbox 197 813 264 867; x_wconf 90' lang='lat' dir='ltr'><strong><em>Non</em></strong></span> <span class='ocrx_word' id='word_1_49' title='bbox 281 828 387 879; x_wconf 83' lang='lat' dir='ltr'><strong><em>possum</em></strong></span> <span class='ocrx_word' id='word_1_50' title='bbox 408 828 571 878; x_wconf 77' lang='lat' dir='ltr'><strong><em>concoquere.</em></strong></span> <span class='ocrx_word' id='word_1_51' title='bbox 607 813 679 872; x_wconf 84' lang='lat' dir='ltr'><strong><em>Quid</em></strong></span> <span class='ocrx_word' id='word_1_52' title='bbox 690 814 776 877; x_wconf 82' lang='lat' dir='ltr'><strong><em>ergo?</em></strong></span> <span class='ocrx_word' id='word_1_53' title='bbox 794 812 917 877; x_wconf 79' lang='lat' dir='ltr'><strong><em>intelligo</em></strong></span> <span class='ocrx_word' id='word_1_54' title='bbox 936 815 1032 883; x_wconf 81' lang='lat' dir='ltr'><strong><em>legem.</em></strong></span> <span class='ocrx_word' id='word_1_55' title='bbox 1070 814 1123 866; x_wconf 83' lang='lat' dir='ltr'><strong><em>Le·</em></strong></span> 
     </span>
     <span class='ocr_line' id='line_1_8' title="bbox 197 881 1121 966; baseline -0.001 -30"><span class='ocrx_word' id='word_1_56' title='bbox 197 898 259 966; x_wconf 63' lang='lat' dir='ltr'><strong><em>gem</em></strong></span> <span class='ocrx_word' id='word_1_57' title='bbox 273 882 392 936; x_wconf 80' lang='lat' dir='ltr'><strong><em>incidere</em></strong></span> <span class='ocrx_word' id='word_1_58' title='bbox 414 883 441 934; x_wconf 83' lang='lat' dir='ltr'><strong><em>in</em></strong></span> <span class='ocrx_word' id='word_1_59' title='bbox 460 883 571 950; x_wconf 81' lang='lat' dir='ltr'><strong><em>aiicujus</em></strong></span> <span class='ocrx_word' id='word_1_60' title='bbox 592 897 697 941; x_wconf 90' lang='lat' dir='ltr'><strong><em>nomen,</em></strong></span> <span class='ocrx_word' id='word_1_61' title='bbox 710 882 791 933; x_wconf 82' lang='lat' dir='ltr'><strong><em>latine</em></strong></span> <span class='ocrx_word' id='word_1_62' title='bbox 804 881 874 933; x_wconf 76' lang='lat' dir='ltr'><strong><em>ruini</em></strong></span> <span class='ocrx_word' id='word_1_63' title='bbox 884 881 937 934; x_wconf 85' lang='lat' dir='ltr'><strong><em>diei</em></strong></span> <span class='ocrx_word' id='word_1_64' title='bbox 948 883 1051 934; x_wconf 75' lang='lat' dir='ltr'><strong><em>uidetur</em></strong></span> <span class='ocrx_word' id='word_1_65' title='bbox 1060 898 1121 948; x_wconf 89' lang='lat' dir='ltr'><strong><em>pro,</em></strong></span> 
     </span>
     <span class='ocr_line' id='line_1_9' title="bbox 197 949 1121 1016; baseline -0.001 -12"><span class='ocrx_word' id='word_1_66' title='bbox 197 958 236 1004; x_wconf 84' lang='lat' dir='ltr'><strong><em>eto</em></strong></span> <span class='ocrx_word' id='word_1_67' title='bbox 248 951 361 1004; x_wconf 86' lang='lat' dir='ltr'><strong><em>incidere</em></strong></span> <span class='ocrx_word' id='word_1_68' title='bbox 373 951 456 1014; x_wconf 78' lang='lat' dir='ltr'><strong><em>tegern</em></strong></span> <span class='ocrx_word' id='word_1_69' title='bbox 467 951 498 1002; x_wconf 86' lang='lat' dir='ltr'><strong><em>in</em></strong></span> <span class='ocrx_word' id='word_1_70' title='bbox 509 967 559 1012; x_wconf 84' lang='lat' dir='ltr'><strong><em>des,</em></strong></span> <span class='ocrx_word' id='word_1_71' title='bbox 571 958 601 1002; x_wconf 82' lang='lat' dir='ltr'><strong><em>nt</em></strong></span> <span class='ocrx_word' id='word_1_72' title='bbox 612 953 645 1002; x_wconf 75' lang='lat' dir='ltr'><strong><em>ol&gt;</em></strong></span> <span class='ocrx_word' id='word_1_73' title='bbox 657 968 689 1002; x_wconf 88' lang='lat' dir='ltr'><strong><em>eo</em></strong></span> <span class='ocrx_word' id='word_1_74' title='bbox 695 952 818 1016; x_wconf 81' lang='lat' dir='ltr'><strong><em>primurn</em></strong></span> <span class='ocrx_word' id='word_1_75' title='bbox 834 949 927 1003; x_wconf 82' lang='lat' dir='ltr'><strong><em>scitum</em></strong></span> <span class='ocrx_word' id='word_1_76' title='bbox 938 967 989 1003; x_wconf 87' lang='lat' dir='ltr'><strong><em>esse</em></strong></span> <span class='ocrx_word' id='word_1_77' title='bbox 1001 952 1121 1004; x_wconf 76' lang='lat' dir='ltr'><strong><em>addetur.</em></strong></span> 
     </span>
     <span class='ocr_line' id='line_1_10' title="bbox 197 1019 1123 1087; baseline 0 -14"><span class='ocrx_word' id='word_1_78' title='bbox 197 1020 317 1074; x_wconf 73' lang='lat' dir='ltr'><strong><em>nomine</em></strong></span> <span class='ocrx_word' id='word_1_79' title='bbox 337 1020 391 1086; x_wconf 80' lang='lat' dir='ltr'><strong><em>ejus</em></strong></span> <span class='ocrx_word' id='word_1_80' title='bbox 410 1020 529 1072; x_wconf 65' lang='lat' dir='ltr'><strong><em>metitur</em></strong></span> <span class='ocrx_word' id='word_1_81' title='bbox 548 1021 578 1073; x_wconf 88' lang='lat' dir='ltr'><strong><em>in</em></strong></span> <span class='ocrx_word' id='word_1_82' title='bbox 589 1022 638 1073; x_wconf 84' lang='lat' dir='ltr'><strong><em>luo</em></strong></span> <span class='ocrx_word' id='word_1_83' title='bbox 650 1022 712 1085; x_wconf 80' lang='lat' dir='ltr'><strong><em>lege,</em></strong></span> <span class='ocrx_word' id='word_1_84' title='bbox 726 1027 772 1072; x_wconf 85' lang='lat' dir='ltr'><strong><em>etc.</em></strong></span> <span class='ocrx_word' id='word_1_85' title='bbox 808 1019 852 1072; x_wconf 80' lang='lat' dir='ltr'><strong><em>Sic</em></strong></span> <span class='ocrx_word' id='word_1_86' title='bbox 863 1022 970 1072; x_wconf 82' lang='lat' dir='ltr'><strong><em>nostri.-</em></strong></span> <span class='ocrx_word' id='word_1_87' title='bbox 986 1019 1043 1087; x_wconf 78' lang='lat' dir='ltr'><strong><em>uus</em></strong></span> <span class='ocrx_word' id='word_1_88' title='bbox 1052 1021 1123 1073; x_wconf 87' lang='lat' dir='ltr'><strong><em>eines</em></strong></span> 
     </span>
     <span class='ocr_line' id='line_1_11' title="bbox 198 1089 1122 1153; baseline 0.001 -12"><span class='ocrx_word' id='word_1_89' title='bbox 198 1089 307 1141; x_wconf 83' lang='lat' dir='ltr'><strong><em>Nomen</em></strong></span> <span class='ocrx_word' id='word_1_90' title='bbox 318 1090 404 1153; x_wconf 77' lang='lat' dir='ltr'><strong><em>tugen,</em></strong></span> <span class='ocrx_word' id='word_1_91' title='bbox 417 1090 608 1153; x_wconf 72' lang='lat' dir='ltr'><strong><em>bergononus</em></strong></span> <span class='ocrx_word' id='word_1_92' title='bbox 619 1091 693 1142; x_wconf 77' lang='lat' dir='ltr'><strong><em>tinn.</em></strong></span> <span class='ocrx_word' id='word_1_93' title='bbox 706 1091 733 1141; x_wconf 83' lang='lat' dir='ltr'><strong><em>le.</em></strong></span> <span class='ocrx_word' id='word_1_94' title='bbox 742 1106 765 1141; x_wconf 92' lang='lat' dir='ltr'><strong><em>e.</em></strong></span> <span class='ocrx_word' id='word_1_95' title='bbox 778 1090 809 1140; x_wconf 91' lang='lat' dir='ltr'><strong><em>in</em></strong></span> <span class='ocrx_word' id='word_1_96' title='bbox 820 1090 975 1149; x_wconf 67' lang='lat' dir='ltr'><strong><em>puniendo,</em></strong></span> <span class='ocrx_word' id='word_1_97' title='bbox 989 1091 1122 1151; x_wconf 61' lang='lat' dir='ltr'><strong><em>sormam,</em></strong></span> 
     </span>
     <span class='ocr_line' id='line_1_12' title="bbox 198 1156 1122 1227; baseline 0.001 -16"><span class='ocrx_word' id='word_1_98' title='bbox 198 1165 244 1212; x_wconf 89' lang='lat' dir='ltr'><strong><em>etc.</em></strong></span> <span class='ocrx_word' id='word_1_99' title='bbox 266 1156 377 1222; x_wconf 75' lang='lat' dir='ltr'><strong><em>alicujus</em></strong></span> <span class='ocrx_word' id='word_1_100' title='bbox 395 1159 501 1210; x_wconf 86' lang='lat' dir='ltr'><strong><em>nomine</em></strong></span> <span class='ocrx_word' id='word_1_101' title='bbox 512 1160 593 1211; x_wconf 78' lang='lat' dir='ltr'><strong><em>obuli.</em></strong></span> <span class='ocrx_word' id='word_1_102' title='bbox 622 1158 694 1210; x_wconf 78' lang='lat' dir='ltr'><strong><em>*On</em></strong></span> <span class='ocrx_word' id='word_1_103' title='bbox 708 1160 803 1211; x_wconf 77' lang='lat' dir='ltr'><strong><em>iiiiii.</em></strong></span> <span class='ocrx_word' id='word_1_104' title='bbox 821 1174 903 1227; x_wconf 80' lang='lat' dir='ltr'><strong><em>genus</em></strong></span> <span class='ocrx_word' id='word_1_105' title='bbox 916 1160 988 1211; x_wconf 82' lang='lat' dir='ltr'><strong><em>vocis</em></strong></span> <span class='ocrx_word' id='word_1_106' title='bbox 1000 1165 1122 1221; x_wconf 82' lang='lat' dir='ltr'><strong><em>acutum,</em></strong></span> 
     </span>
     <span class='ocr_line' id='line_1_13' title="bbox 200 1227 1003 1294; baseline 0 -14"><span class='ocrx_word' id='word_1_107' title='bbox 200 1230 353 1286; x_wconf 86' lang='lat' dir='ltr'><strong><em>incitatum,</em></strong></span> <span class='ocrx_word' id='word_1_108' title='bbox 363 1227 459 1279; x_wconf 84' lang='lat' dir='ltr'><strong><em>crebro</em></strong></span> <span class='ocrx_word' id='word_1_109' title='bbox 471 1228 594 1287; x_wconf 84' lang='lat' dir='ltr'><strong><em>incidens,</em></strong></span> <span class='ocrx_word' id='word_1_110' title='bbox 608 1228 626 1279; x_wconf 86' lang='lat' dir='ltr'><strong><em>i.</em></strong></span> <span class='ocrx_word' id='word_1_111' title='bbox 639 1244 665 1279; x_wconf 89' lang='lat' dir='ltr'><strong><em>e.</em></strong></span> <span class='ocrx_word' id='word_1_112' title='bbox 678 1229 843 1294; x_wconf 75' lang='lat' dir='ltr'><strong><em>abrumpens,</em></strong></span> <span class='ocrx_word' id='word_1_113' title='bbox 856 1228 1003 1280; x_wconf 84' lang='lat' dir='ltr'><strong><em>consistens.</em></strong></span> 
     </span>
    </p>

    <p class='ocr_par' dir='ltr' id='par_1_3' title="bbox 199 1294 1128 1639">
     <span class='ocr_line' id='line_1_14' title="bbox 234 1294 1124 1350; baseline 0.003 -3"><span class='ocrx_word' id='word_1_114' title='bbox 234 1296 343 1347; x_wconf 81' lang='lat' dir='ltr'><strong><em>lncrnn.</em></strong></span> <span class='ocrx_word' id='word_1_115' title='bbox 362 1294 396 1345; x_wconf 82' lang='lat' dir='ltr'><strong><em>nd</em></strong></span> <span class='ocrx_word' id='word_1_116' title='bbox 408 1295 470 1346; x_wconf 85' lang='lat' dir='ltr'><strong><em>Div.</em></strong></span> <span class='ocrx_word' id='word_1_117' title='bbox 484 1296 541 1348; x_wconf 86' lang='lat' dir='ltr'><strong><em>viii.</em></strong></span> <span class='ocrx_word' id='word_1_118' title='bbox 554 1298 580 1346; x_wconf 98' lang='grc'><strong><em>5.</em></strong></span> <span class='ocrx_word' id='word_1_119' title='bbox 600 1296 627 1348; x_wconf 90' lang='lat' dir='ltr'><strong><em>in</em></strong></span> <span class='ocrx_word' id='word_1_120' title='bbox 639 1297 716 1348; x_wconf 86' lang='lat' dir='ltr'><strong><em>incili</em></strong></span> <span class='ocrx_word' id='word_1_121' title='bbox 727 1298 818 1349; x_wconf 85' lang='lat' dir='ltr'><strong><em>omnia</em></strong></span> <span class='ocrx_word' id='word_1_122' title='bbox 828 1295 1015 1350; x_wconf 80' lang='lat' dir='ltr'><strong><em>adhaeserunt.</em></strong></span> <span class='ocrx_word' id='word_1_123' title='bbox 1039 1296 1124 1350; x_wconf 74' lang='lat' dir='ltr'><strong><em>Incite</em></strong></span> 
     </span>
     <span class='ocr_line' id='line_1_15' title="bbox 200 1361 1125 1430; baseline 0.004 -14"><span class='ocrx_word' id='word_1_124' title='bbox 200 1370 237 1416; x_wconf 86' lang='lat' dir='ltr'><strong><em>est</em></strong></span> <span class='ocrx_word' id='word_1_125' title='bbox 246 1361 334 1428; x_wconf 74' lang='lat' dir='ltr'><strong><em>fosso,</em></strong></span> <span class='ocrx_word' id='word_1_126' title='bbox 352 1378 415 1428; x_wconf 77' lang='lat' dir='ltr'><strong><em>quoe</em></strong></span> <span class='ocrx_word' id='word_1_127' title='bbox 428 1363 459 1414; x_wconf 85' lang='lat' dir='ltr'><strong><em>in</em></strong></span> <span class='ocrx_word' id='word_1_128' title='bbox 476 1363 520 1415; x_wconf 84' lang='lat' dir='ltr'><strong><em>nio</em></strong></span> <span class='ocrx_word' id='word_1_129' title='bbox 529 1363 578 1428; x_wconf 79' lang='lat' dir='ltr'><strong><em>fit,</em></strong></span> <span class='ocrx_word' id='word_1_130' title='bbox 590 1365 624 1416; x_wconf 86' lang='lat' dir='ltr'><strong><em>ud</em></strong></span> <span class='ocrx_word' id='word_1_131' title='bbox 634 1365 805 1417; x_wconf 84' lang='lat' dir='ltr'><strong><em>deducendum</em></strong></span> <span class='ocrx_word' id='word_1_132' title='bbox 817 1381 921 1430; x_wconf 77' lang='lat' dir='ltr'><strong><em>equom,</em></strong></span> <span class='ocrx_word' id='word_1_133' title='bbox 938 1373 968 1417; x_wconf 81' lang='lat' dir='ltr'><strong><em>nt</em></strong></span> <span class='ocrx_word' id='word_1_134' title='bbox 979 1373 1071 1419; x_wconf 83' lang='lat' dir='ltr'><strong><em>unctor</em></strong></span> <span class='ocrx_word' id='word_1_135' title='bbox 1086 1373 1125 1420; x_wconf 80' lang='lat' dir='ltr'><strong><em>est</em></strong></span> 
     </span>
     <span class='ocr_line' id='line_1_16' title="bbox 199 1431 1128 1502; baseline 0.002 -16"><span class='ocrx_word' id='word_1_136' title='bbox 199 1432 292 1486; x_wconf 78' lang='lat' dir='ltr'><strong><em>Festus</em></strong></span> <span class='ocrx_word' id='word_1_137' title='bbox 304 1451 312 1481; x_wconf 91' lang='lat'><strong><em>.·</em></strong></span> <span class='ocrx_word' id='word_1_138' title='bbox 330 1431 397 1483; x_wconf 82' lang='lat' dir='ltr'><strong><em>unde</em></strong></span> <span class='ocrx_word' id='word_1_139' title='bbox 409 1448 453 1502; x_wconf 87' lang='lat' dir='ltr'><strong><em>op.</em></strong></span> <span class='ocrx_word' id='word_1_140' title='bbox 466 1431 611 1499; x_wconf 69' lang='lat' dir='ltr'><strong><em>Apuleium</em></strong></span> <span class='ocrx_word' id='word_1_141' title='bbox 622 1435 667 1485; x_wconf 81' lang='lat' dir='ltr'><strong><em>riu</em></strong></span> <span class='ocrx_word' id='word_1_142' title='bbox 678 1435 807 1487; x_wconf 68' lang='lat' dir='ltr'><strong><em>Mosnosis</em></strong></span> <span class='ocrx_word' id='word_1_143' title='bbox 819 1436 944 1487; x_wconf 82' lang='lat' dir='ltr'><strong><em>incilibus</em></strong></span> <span class='ocrx_word' id='word_1_144' title='bbox 955 1434 1128 1500; x_wconf 77' lang='lat' dir='ltr'><strong><em>voraginoso.</em></strong></span> 
     </span>
     <span class='ocr_line' id='line_1_17' title="bbox 199 1499 1124 1570; baseline 0.002 -15"><span class='ocrx_word' id='word_1_145' title='bbox 199 1500 262 1556; x_wconf 84' lang='lat' dir='ltr'><strong><em>Jcrs</em></strong></span> <span class='ocrx_word' id='word_1_146' title='bbox 274 1501 304 1553; x_wconf 88' lang='lat' dir='ltr'><strong><em>in</em></strong></span> <span class='ocrx_word' id='word_1_147' title='bbox 322 1499 472 1566; x_wconf 76' lang='lat' dir='ltr'><strong><em>hujusmodi</em></strong></span> <span class='ocrx_word' id='word_1_148' title='bbox 484 1503 607 1554; x_wconf 79' lang='lat' dir='ltr'><strong><em>incilibus</em></strong></span> <span class='ocrx_word' id='word_1_149' title='bbox 674 1505 707 1556; x_wconf 88' lang='lat' dir='ltr'><strong><em>ile</em></strong></span> <span class='ocrx_word' id='word_1_150' title='bbox 718 1505 826 1556; x_wconf 77' lang='lat' dir='ltr'><em>haerent</em></span> <span class='ocrx_word' id='word_1_151' title='bbox 834 1505 964 1570; x_wconf 76' lang='lat' dir='ltr'><strong><em>plaustra.</em></strong></span> <span class='ocrx_word' id='word_1_152' title='bbox 976 1505 1028 1558; x_wconf 83' lang='lat' dir='ltr'><strong><em>uid.</em></strong></span> <span class='ocrx_word' id='word_1_153' title='bbox 1042 1507 1124 1558; x_wconf 81' lang='lat' dir='ltr'><strong><em>lotias</em></strong></span> 
     </span>
     <span class='ocr_line' id='line_1_18' title="bbox 199 1569 815 1639; baseline 0 -15"><span class='ocrx_word' id='word_1_154' title='bbox 199 1573 260 1624; x_wconf 83' lang='lat' dir='ltr'><strong><em>leoco</em></strong></span> <span class='ocrx_word' id='word_1_155' title='bbox 272 1571 446 1638; x_wconf 68' lang='lat' dir='ltr'><strong><em>disputantem</em></strong></span> <span class='ocrx_word' id='word_1_156' title='bbox 457 1569 570 1624; x_wconf 74' lang='lat' dir='ltr'><strong><em>Solinus.</em></strong></span> <span class='ocrx_word' id='word_1_157' title='bbox 583 1572 616 1623; x_wconf 87' lang='lat' dir='ltr'><strong><em>cd</em></strong></span> <span class='ocrx_word' id='word_1_158' title='bbox 648 1571 745 1639; x_wconf 80' lang='lat' dir='ltr'><strong><em>olins.</em></strong></span> <span class='ocrx_word' id='word_1_159' title='bbox 755 1575 815 1625; x_wconf 87' lang='grc'><strong>512.</strong></span> 
     </span>
    </p>

    <p class='ocr_par' dir='ltr' id='par_1_4' title="bbox 200 1640 1125 1778">
     <span class='ocr_line' id='line_1_19' title="bbox 236 1640 1125 1710; baseline 0.006 -18"><span class='ocrx_word' id='word_1_160' title='bbox 236 1640 362 1701; x_wconf 73' lang='lat' dir='ltr'><strong><em>Incusum,</em></strong></span> <span class='ocrx_word' id='word_1_161' title='bbox 380 1661 472 1706; x_wconf 71' lang='grc' dir='ltr'><strong><em>κομμα.</em></strong></span> <span class='ocrx_word' id='word_1_162' title='bbox 491 1641 570 1694; x_wconf 82' lang='lat' dir='ltr'><strong><em>Orat.</em></strong></span> <span class='ocrx_word' id='word_1_163' title='bbox 582 1644 625 1694; x_wconf 83' lang='grc'><strong>112.</strong></span> <span class='ocrx_word' id='word_1_164' title='bbox 643 1643 705 1694; x_wconf 76' lang='lat' dir='ltr'><strong><em>irinc</em></strong></span> <span class='ocrx_word' id='word_1_165' title='bbox 717 1644 801 1695; x_wconf 86' lang='lat' dir='ltr'><strong><em>incise</em></strong></span> <span class='ocrx_word' id='word_1_166' title='bbox 812 1644 924 1695; x_wconf 83' lang='lat' dir='ltr'><strong><em>scrilere</em></strong></span> <span class='ocrx_word' id='word_1_167' title='bbox 941 1650 978 1696; x_wconf 86' lang='lat' dir='ltr'><strong><em>est</em></strong></span> <span class='ocrx_word' id='word_1_168' title='bbox 991 1659 1041 1710; x_wconf 92' lang='lat' dir='ltr'><strong><em>per</em></strong></span> <span class='ocrx_word' id='word_1_169' title='bbox 1052 1659 1125 1697; x_wconf 79' lang='lat' dir='ltr'><strong><em>cont·</em></strong></span> 
     </span>
     <span class='ocr_line' id='line_1_20' title="bbox 200 1710 948 1778; baseline 0 -14"><span class='ocrx_word' id='word_1_170' title='bbox 200 1716 281 1765; x_wconf 65' lang='lat' dir='ltr'><strong><em>mma.</em></strong></span> <span class='ocrx_word' id='word_1_171' title='bbox 291 1710 353 1762; x_wconf 82' lang='lat' dir='ltr'><strong><em>ibid.</em></strong></span> <span class='ocrx_word' id='word_1_172' title='bbox 368 1711 409 1761; x_wconf 80' lang='lat'><strong><em>63.</em></strong></span> <span class='ocrx_word' id='word_1_173' title='bbox 420 1711 440 1761; x_wconf 92' lang='lat' dir='ltr'><strong><em>i.</em></strong></span> <span class='ocrx_word' id='word_1_174' title='bbox 453 1724 475 1760; x_wconf 91' lang='lat' dir='ltr'><strong><em>e.</em></strong></span> <span class='ocrx_word' id='word_1_175' title='bbox 488 1710 601 1775; x_wconf 75' lang='lat' dir='ltr'><strong><em>singulis</em></strong></span> <span class='ocrx_word' id='word_1_176' title='bbox 611 1712 745 1772; x_wconf 76' lang='lat' dir='ltr'><strong><em>nnnilris,</em></strong></span> <span class='ocrx_word' id='word_1_177' title='bbox 757 1712 812 1763; x_wconf 84' lang='lat' dir='ltr'><strong><em>siue</em></strong></span> <span class='ocrx_word' id='word_1_178' title='bbox 822 1713 948 1778; x_wconf 76' lang='lat' dir='ltr'><strong><em>periodis.</em></strong></span> 
     </span>
    </p>

    <p class='ocr_par' dir='ltr' id='par_1_5' title="bbox 235 1778 1078 1848">
     <span class='ocr_line' id='line_1_21' title="bbox 235 1778 1078 1848; baseline 0 -17"><span class='ocrx_word' id='word_1_179' title='bbox 235 1780 349 1831; x_wconf 80' lang='lat' dir='ltr'><strong><em>lncrsm.</em></strong></span> <span class='ocrx_word' id='word_1_180' title='bbox 385 1778 433 1830; x_wconf 88' lang='lat' dir='ltr'><strong><em>Or.</em></strong></span> <span class='ocrx_word' id='word_1_181' title='bbox 447 1782 489 1831; x_wconf 88' lang='grc'><strong><em>61.</em></strong></span> <span class='ocrx_word' id='word_1_182' title='bbox 510 1781 648 1832; x_wconf 83' lang='lat' dir='ltr'><strong><em>incisiones</em></strong></span> <span class='ocrx_word' id='word_1_183' title='bbox 660 1783 785 1840; x_wconf 84' lang='lat' dir='ltr'><strong><em>ambitus,</em></strong></span> <span class='ocrx_word' id='word_1_184' title='bbox 799 1789 858 1834; x_wconf 78' lang='lat' dir='ltr'><strong><em>sunt</em></strong></span> <span class='ocrx_word' id='word_1_185' title='bbox 867 1788 956 1848; x_wconf 84' lang='lat' dir='ltr'><strong><em>paries</em></strong></span> <span class='ocrx_word' id='word_1_186' title='bbox 964 1783 1078 1848; x_wconf 70' lang='lat' dir='ltr'><strong><em>periodi.</em></strong></span> 
     </span>
    </p>

    <p class='ocr_par' dir='ltr' id='par_1_6' title="bbox 200 1848 1126 2108">
     <span class='ocr_line' id='line_1_22' title="bbox 236 1848 1123 1915; baseline 0.005 -16"><span class='ocrx_word' id='word_1_187' title='bbox 236 1848 383 1906; x_wconf 72' lang='lat' dir='ltr'><strong><em>incursae,</em></strong></span> <span class='ocrx_word' id='word_1_188' title='bbox 402 1863 505 1913; x_wconf 80' lang='lat' dir='ltr'><strong><em>ungere,</em></strong></span> <span class='ocrx_word' id='word_1_189' title='bbox 516 1864 678 1915; x_wconf 80' lang='lat' dir='ltr'><strong><em>propagare.</em></strong></span> <span class='ocrx_word' id='word_1_190' title='bbox 695 1849 743 1902; x_wconf 89' lang='lat' dir='ltr'><strong><em>Or.</em></strong></span> <span class='ocrx_word' id='word_1_191' title='bbox 757 1853 796 1902; x_wconf 91' lang='lat' dir='ltr'><strong><em>iii.</em></strong></span> <span class='ocrx_word' id='word_1_192' title='bbox 810 1854 835 1902; x_wconf 86' lang='grc'><strong><em>6.</em></strong></span> <span class='ocrx_word' id='word_1_193' title='bbox 855 1851 982 1903; x_wconf 82' lang='lat' dir='ltr'><strong><em>incitatur</em></strong></span> <span class='ocrx_word' id='word_1_194' title='bbox 992 1855 1123 1904; x_wconf 71' lang='lat' dir='ltr'><strong><em>erratio:</em></strong></span> 
     </span>
     <span class='ocr_line' id='line_1_23' title="bbox 203 1917 1124 1990; baseline 0.003 -20"><span class='ocrx_word' id='word_1_195' title='bbox 203 1919 221 1971; x_wconf 91' lang='lat' dir='ltr'><strong><em>i.</em></strong></span> <span class='ocrx_word' id='word_1_196' title='bbox 235 1934 261 1969; x_wconf 87' lang='lat' dir='ltr'><strong><em>e.</em></strong></span> <span class='ocrx_word' id='word_1_197' title='bbox 275 1917 417 1969; x_wconf 83' lang='lat' dir='ltr'><strong><em>incalescit.</em></strong></span> <span class='ocrx_word' id='word_1_198' title='bbox 444 1918 494 1969; x_wconf 88' lang='lat' dir='ltr'><strong><em>Or.</em></strong></span> <span class='ocrx_word' id='word_1_199' title='bbox 506 1919 525 1969; x_wconf 91' lang='lat' dir='ltr'><strong><em>i.</em></strong></span> <span class='ocrx_word' id='word_1_200' title='bbox 538 1921 582 1970; x_wconf 84' lang='grc'><strong>21).</strong></span> <span class='ocrx_word' id='word_1_201' title='bbox 600 1919 712 1971; x_wconf 79' lang='lat' dir='ltr'><strong><em>inritare</em></strong></span> <span class='ocrx_word' id='word_1_202' title='bbox 732 1920 914 1973; x_wconf 79' lang='lat' dir='ltr'><strong><em>celeritatem.</em></strong></span> <span class='ocrx_word' id='word_1_203' title='bbox 935 1921 970 1973; x_wconf 84' lang='lat' dir='ltr'><strong><em>ci.</em></strong></span> <span class='ocrx_word' id='word_1_204' title='bbox 993 1922 1083 1990; x_wconf 74' lang='lat' dir='ltr'><strong><em>Liger.</em></strong></span> <span class='ocrx_word' id='word_1_205' title='bbox 1097 1925 1124 1973; x_wconf 81' lang='grc'><strong><em>4.</em></strong></span> 
     </span>
     <span class='ocr_line' id='line_1_24' title="bbox 200 1984 1126 2056; baseline 0.005 -18"><span class='ocrx_word' id='word_1_206' title='bbox 200 1987 245 2038; x_wconf 83' lang='lat' dir='ltr'><strong><em>Sic</em></strong></span> <span class='ocrx_word' id='word_1_207' title='bbox 261 1985 347 2038; x_wconf 81' lang='lat' dir='ltr'><strong><em>Tacit.</em></strong></span> <span class='ocrx_word' id='word_1_208' title='bbox 360 1984 397 2036; x_wconf 82' lang='lat' dir='ltr'><strong><em>A.</em></strong></span> <span class='ocrx_word' id='word_1_209' title='bbox 411 1984 453 2039; x_wconf 87' lang='lat' dir='ltr'><strong><em>iii.</em></strong></span> <span class='ocrx_word' id='word_1_210' title='bbox 466 1990 509 2038; x_wconf 87' lang='grc'><strong>25.</strong></span> <span class='ocrx_word' id='word_1_211' title='bbox 529 1988 645 2041; x_wconf 87' lang='lat' dir='ltr'><strong><em>incitare</em></strong></span> <span class='ocrx_word' id='word_1_212' title='bbox 664 2005 764 2056; x_wconf 88' lang='lat' dir='ltr'><strong><em>poenas</em></strong></span> <span class='ocrx_word' id='word_1_213' title='bbox 778 2009 784 2040; x_wconf 89' lang='lat' dir='ltr'><strong><em>s</em></strong></span> <span class='ocrx_word' id='word_1_214' title='bbox 803 1991 870 2054; x_wconf 78' lang='lat' dir='ltr'><strong><em>qnod</em></strong></span> <span class='ocrx_word' id='word_1_215' title='bbox 879 1988 991 2056; x_wconf 75' lang='lat' dir='ltr'><strong><em>frustra</em></strong></span> <span class='ocrx_word' id='word_1_216' title='bbox 1001 1990 1126 2043; x_wconf 81' lang='lat' dir='ltr'><strong><em>normulli</em></strong></span> 
     </span>
     <span class='ocr_line' id='line_1_25' title="bbox 202 2061 344 2108; baseline -0.021 0"><span class='ocrx_word' id='word_1_217' title='bbox 202 2061 344 2108; x_wconf 76' lang='lat' dir='ltr'><strong><em>notumne.</em></strong></span> 
     </span>
    </p>

    <p class='ocr_par' dir='ltr' id='par_1_7' title="bbox 200 2121 1127 2246">
     <span class='ocr_line' id='line_1_26' title="bbox 236 2121 1127 2196; baseline 0.01 -23"><span class='ocrx_word' id='word_1_218' title='bbox 236 2124 357 2182; x_wconf 78' lang='lat' dir='ltr'><strong><em>lncirns,</em></strong></span> <span class='ocrx_word' id='word_1_219' title='bbox 376 2124 451 2174; x_wconf 85' lang='lat' dir='ltr'><strong><em>celer.</em></strong></span> <span class='ocrx_word' id='word_1_220' title='bbox 471 2121 507 2174; x_wconf 90' lang='lat' dir='ltr'><strong><em>N.</em></strong></span> <span class='ocrx_word' id='word_1_221' title='bbox 517 2125 551 2176; x_wconf 90' lang='lat' dir='ltr'><strong><em>D.</em></strong></span> <span class='ocrx_word' id='word_1_222' title='bbox 561 2126 590 2176; x_wconf 92' lang='lat' dir='ltr'><strong><em>ii.</em></strong></span> <span class='ocrx_word' id='word_1_223' title='bbox 599 2128 641 2177; x_wconf 81' lang='grc'><strong><em>35.</em></strong></span> <span class='ocrx_word' id='word_1_224' title='bbox 655 2127 733 2179; x_wconf 86' lang='lat' dir='ltr'><strong><em>incili</em></strong></span> <span class='ocrx_word' id='word_1_225' title='bbox 745 2128 877 2196; x_wconf 82' lang='lat' dir='ltr'><strong><em>delphini.</em></strong></span> <span class='ocrx_word' id='word_1_226' title='bbox 896 2127 974 2180; x_wconf 75' lang='lat' dir='ltr'><strong><em>Doun</em></strong></span> <span class='ocrx_word' id='word_1_227' title='bbox 982 2133 1027 2195; x_wconf 70' lang='lat'><strong><em>30.</em></strong></span> <span class='ocrx_word' id='word_1_228' title='bbox 1039 2131 1127 2182; x_wconf 85' lang='lat' dir='ltr'><strong><em>incito</em></strong></span> 
     </span>
     <span class='ocr_line' id='line_1_27' title="bbox 200 2195 867 2246; baseline -0.006 0"><span class='ocrx_word' id='word_1_229' title='bbox 200 2195 283 2246; x_wconf 70' lang='lat' dir='ltr'><strong><em>vieo.</em></strong></span> <span class='ocrx_word' id='word_1_230' title='bbox 297 2197 350 2242; x_wconf 86' lang='lat' dir='ltr'><strong><em>not.</em></strong></span> <span class='ocrx_word' id='word_1_231' title='bbox 865 2214 867 2217; x_wconf 91' lang='lat'><em>·</em></span> 
     </span>
    </p>
   </div>
   <div class='ocr_carea' id='block_1_3' title="bbox 199 2260 1126 3164">
    <p class='ocr_par' dir='ltr' id='par_1_8' title="bbox 199 2260 1124 2382">
     <span class='ocr_line' id='line_1_28' title="bbox 236 2260 1124 2332; baseline 0.01 -21"><span class='ocrx_word' id='word_1_232' title='bbox 236 2260 412 2311; x_wconf 77' lang='lat' dir='ltr'><strong><em>Incnnnnnn.</em></strong></span> <span class='ocrx_word' id='word_1_233' title='bbox 448 2261 551 2312; x_wconf 73' lang='lat' dir='ltr'><strong><em>Attii.</em></strong></span> <span class='ocrx_word' id='word_1_234' title='bbox 566 2264 610 2313; x_wconf 89' lang='grc'><strong>20.</strong></span> <span class='ocrx_word' id='word_1_235' title='bbox 640 2264 898 2332; x_wconf 82' lang='lat' dir='ltr'><strong><em>expeditusntsis:</em></strong></span> <span class='ocrx_word' id='word_1_236' title='bbox 925 2268 947 2320; x_wconf 89' lang='lat' dir='ltr'><strong><em>si</em></strong></span> <span class='ocrx_word' id='word_1_237' title='bbox 965 2269 1124 2330; x_wconf 81' lang='lat' dir='ltr'><strong><em>inclamaro,</em></strong></span> 
     </span>
     <span class='ocr_line' id='line_1_29' title="bbox 199 2333 377 2382; baseline -0.028 0"><span class='ocrx_word' id='word_1_238' title='bbox 199 2333 234 2382; x_wconf 87' lang='lat' dir='ltr'><strong><em>ut</em></strong></span> <span class='ocrx_word' id='word_1_239' title='bbox 245 2343 377 2381; x_wconf 84' lang='lat' dir='ltr'><strong><em>accurras.</em></strong></span> 
     </span>
    </p>

    <p class='ocr_par' dir='ltr' id='par_1_9' title="bbox 200 2397 1126 2605">
     <span class='ocr_line' id='line_1_30' title="bbox 238 2397 1126 2473; baseline 0.016 -27"><span class='ocrx_word' id='word_1_240' title='bbox 238 2397 404 2448; x_wconf 78' lang='lat' dir='ltr'><strong><em>lncnrnnnn.</em></strong></span> <span class='ocrx_word' id='word_1_241' title='bbox 441 2397 499 2451; x_wconf 86' lang='lat' dir='ltr'><strong><em>lnr.</em></strong></span> <span class='ocrx_word' id='word_1_242' title='bbox 513 2399 531 2451; x_wconf 88' lang='lat' dir='ltr'><strong><em>i.</em></strong></span> <span class='ocrx_word' id='word_1_243' title='bbox 544 2403 588 2452; x_wconf 84' lang='grc'><strong>21.</strong></span> <span class='ocrx_word' id='word_1_244' title='bbox 618 2401 748 2456; x_wconf 75' lang='lat' dir='ltr'><strong><em>inclinare</em></strong></span> <span class='ocrx_word' id='word_1_245' title='bbox 767 2407 886 2473; x_wconf 76' lang='lat' dir='ltr'><strong><em>aliquem</em></strong></span> <span class='ocrx_word' id='word_1_246' title='bbox 899 2406 932 2458; x_wconf 87' lang='lat' dir='ltr'><strong><em>ad</em></strong></span> <span class='ocrx_word' id='word_1_247' title='bbox 953 2408 1126 2461; x_wconf 84' lang='lat' dir='ltr'><strong><em>commodum</em></strong></span> 
     </span>
     <span class='ocr_line' id='line_1_31' title="bbox 203 2467 1124 2543; baseline 0.011 -26"><span class='ocrx_word' id='word_1_248' title='bbox 203 2483 267 2521; x_wconf 84' lang='lat' dir='ltr'><strong><em>suae</em></strong></span> <span class='ocrx_word' id='word_1_249' title='bbox 287 2482 392 2519; x_wconf 77' lang='lat' dir='ltr'><strong><em>catlsae.</em></strong></span> <span class='ocrx_word' id='word_1_250' title='bbox 419 2467 480 2519; x_wconf 85' lang='lat' dir='ltr'><strong><em>*ad</em></strong></span> <span class='ocrx_word' id='word_1_251' title='bbox 494 2468 555 2522; x_wconf 76' lang='lat' dir='ltr'><strong><em>niv.</em></strong></span> <span class='ocrx_word' id='word_1_252' title='bbox 570 2473 588 2522; x_wconf 93' lang='lat' dir='ltr'><strong><em>i.</em></strong></span> <span class='ocrx_word' id='word_1_253' title='bbox 604 2475 627 2522; x_wconf 85' lang='lat'><strong><em>1.</em></strong></span> <span class='ocrx_word' id='word_1_254' title='bbox 655 2473 909 2533; x_wconf 79' lang='lat' dir='ltr'><strong><em>inclinetoresest:</em></strong></span> <span class='ocrx_word' id='word_1_255' title='bbox 937 2475 1124 2543; x_wconf 77' lang='lat' dir='ltr'><strong><em>h.e.qfflictn,</em></strong></span> 
     </span>
     <span class='ocr_line' id='line_1_32' title="bbox 200 2536 549 2605; baseline 0.014 -19"><span class='ocrx_word' id='word_1_256' title='bbox 200 2551 283 2605; x_wconf 81' lang='lat' dir='ltr'><strong><em>prope</em></strong></span> <span class='ocrx_word' id='word_1_257' title='bbox 294 2536 405 2601; x_wconf 83' lang='lat' dir='ltr'><strong><em>perdito.</em></strong></span> <span class='ocrx_word' id='word_1_258' title='bbox 414 2538 450 2590; x_wconf 84' lang='lat' dir='ltr'><strong><em>oi.</em></strong></span> <span class='ocrx_word' id='word_1_259' title='bbox 464 2538 493 2590; x_wconf 91' lang='lat' dir='ltr'><strong><em>ii.</em></strong></span> <span class='ocrx_word' id='word_1_260' title='bbox 508 2543 549 2592; x_wconf 88' lang='grc'><strong><em>16.</em></strong></span> 
     </span>
    </p>

    <p class='ocr_par' dir='ltr' id='par_1_10' title="bbox 205 2606 1125 2743">
     <span class='ocr_line' id='line_1_33' title="bbox 239 2606 1125 2676; baseline 0.014 -20"><span class='ocrx_word' id='word_1_261' title='bbox 239 2606 407 2658; x_wconf 78' lang='lat' dir='ltr'><strong><em>lnemnnrlo</em></strong></span> <span class='ocrx_word' id='word_1_262' title='bbox 425 2611 588 2674; x_wconf 86' lang='lat' dir='ltr'><strong><em>temporum.</em></strong></span> <span class='ocrx_word' id='word_1_263' title='bbox 607 2608 697 2663; x_wconf 86' lang='lat' dir='ltr'><strong><em>Plane.</em></strong></span> <span class='ocrx_word' id='word_1_264' title='bbox 711 2616 754 2664; x_wconf 83' lang='lat'><strong><em>39.</em></strong></span> <span class='ocrx_word' id='word_1_265' title='bbox 780 2611 856 2665; x_wconf 87' lang='lat' dir='ltr'><strong><em>Dom.</em></strong></span> <span class='ocrx_word' id='word_1_266' title='bbox 872 2617 912 2665; x_wconf 81' lang='grc'><strong><em>18.</em></strong></span> <span class='ocrx_word' id='word_1_267' title='bbox 939 2615 1081 2676; x_wconf 85' lang='lat' dir='ltr'><strong><em>conversio,</em></strong></span> <span class='ocrx_word' id='word_1_268' title='bbox 1093 2615 1125 2667; x_wconf 84' lang='lat' dir='ltr'><strong><em>de</em></strong></span> 
     </span>
     <span class='ocr_line' id='line_1_34' title="bbox 205 2675 966 2743; baseline 0.017 -20"><span class='ocrx_word' id='word_1_269' title='bbox 205 2690 256 2743; x_wconf 72' lang='lat' dir='ltr'><strong><em>pico</em></strong></span> <span class='ocrx_word' id='word_1_270' title='bbox 267 2690 356 2740; x_wconf 83' lang='lat' dir='ltr'><strong><em>snpra.</em></strong></span> <span class='ocrx_word' id='word_1_271' title='bbox 375 2675 454 2726; x_wconf 87' lang='lat' dir='ltr'><strong><em>Brut.</em></strong></span> <span class='ocrx_word' id='word_1_272' title='bbox 468 2682 509 2727; x_wconf 82' lang='grc'><strong><em>43.</em></strong></span> <span class='ocrx_word' id='word_1_273' title='bbox 529 2678 666 2731; x_wconf 78' lang='lat' dir='ltr'><strong><em>inclinatio</em></strong></span> <span class='ocrx_word' id='word_1_274' title='bbox 678 2685 761 2742; x_wconf 84' lang='lat' dir='ltr'><strong><em>vocis,</em></strong></span> <span class='ocrx_word' id='word_1_275' title='bbox 774 2685 793 2733; x_wconf 91' lang='lat' dir='ltr'><strong><em>i.</em></strong></span> <span class='ocrx_word' id='word_1_276' title='bbox 806 2699 830 2733; x_wconf 89' lang='lat' dir='ltr'><strong><em>e.</em></strong></span> <span class='ocrx_word' id='word_1_277' title='bbox 843 2683 966 2736; x_wconf 72' lang='lat' dir='ltr'><strong><em>conecto.</em></strong></span> 
     </span>
    </p>

    <p class='ocr_par' dir='ltr' id='par_1_11' title="bbox 203 2743 1125 2877">
     <span class='ocr_line' id='line_1_35' title="bbox 240 2743 1125 2824; baseline 0.015 -31"><span class='ocrx_word' id='word_1_278' title='bbox 240 2743 411 2795; x_wconf 79' lang='lat' dir='ltr'><strong><em>incnunnnn.</em></strong></span> <span class='ocrx_word' id='word_1_279' title='bbox 429 2745 458 2795; x_wconf 88' lang='lat' dir='ltr'><strong><em>de</em></strong></span> <span class='ocrx_word' id='word_1_280' title='bbox 470 2747 649 2799; x_wconf 81' lang='lat' dir='ltr'><strong><em>caelatoribus.</em></strong></span> <span class='ocrx_word' id='word_1_281' title='bbox 670 2748 747 2802; x_wconf 87' lang='lat' dir='ltr'><strong><em>Verr.</em></strong></span> <span class='ocrx_word' id='word_1_282' title='bbox 761 2751 797 2804; x_wconf 85' lang='lat' dir='ltr'><strong><em>ir.</em></strong></span> <span class='ocrx_word' id='word_1_283' title='bbox 809 2754 852 2803; x_wconf 88' lang='grc'><strong>25.</strong></span> <span class='ocrx_word' id='word_1_284' title='bbox 872 2751 919 2803; x_wconf 89' lang='lat' dir='ltr'><strong><em>Gr.</em></strong></span> <span class='ocrx_word' id='word_1_285' title='bbox 931 2773 1082 2824; x_wconf 72' lang='lat' dir='ltr'><strong><em>evmgpmen</em></strong></span> <span class='ocrx_word' id='word_1_286' title='bbox 1094 2754 1125 2806; x_wconf 86' lang='lat' dir='ltr'><strong><em>de</em></strong></span> 
     </span>
     <span class='ocr_line' id='line_1_36' title="bbox 203 2811 534 2877; baseline 0.009 -15"><span class='ocrx_word' id='word_1_287' title='bbox 203 2826 309 2877; x_wconf 77' lang='lat' dir='ltr'><strong><em>gemina</em></strong></span> <span class='ocrx_word' id='word_1_288' title='bbox 321 2811 350 2861; x_wconf 87' lang='lat' dir='ltr'><strong><em>in</em></strong></span> <span class='ocrx_word' id='word_1_289' title='bbox 360 2813 422 2877; x_wconf 86' lang='lat' dir='ltr'><strong><em>pulo</em></strong></span> <span class='ocrx_word' id='word_1_290' title='bbox 434 2815 534 2865; x_wconf 80' lang='lat' dir='ltr'><strong><em>ursesnli.</em></strong></span> 
     </span>
    </p>

    <p class='ocr_par' dir='ltr' id='par_1_12' title="bbox 206 2880 1125 3070">
     <span class='ocr_line' id='line_1_37' title="bbox 242 2880 1124 2944; baseline 0.016 -14"><span class='ocrx_word' id='word_1_291' title='bbox 242 2880 379 2939; x_wconf 71' lang='lat' dir='ltr'><strong><em>incensos,</em></strong></span> <span class='ocrx_word' id='word_1_292' title='bbox 398 2882 506 2942; x_wconf 70' lang='lat' dir='ltr'><strong><em>aldinus,</em></strong></span> <span class='ocrx_word' id='word_1_293' title='bbox 520 2885 609 2937; x_wconf 82' lang='lat' dir='ltr'><strong><em>lutens.</em></strong></span> <span class='ocrx_word' id='word_1_294' title='bbox 629 2886 662 2938; x_wconf 83' lang='lat' dir='ltr'><strong><em>ad</em></strong></span> <span class='ocrx_word' id='word_1_295' title='bbox 674 2887 737 2939; x_wconf 81' lang='lat' dir='ltr'><strong><em>Diu.</em></strong></span> <span class='ocrx_word' id='word_1_296' title='bbox 751 2889 769 2940; x_wconf 90' lang='lat' dir='ltr'><strong><em>i.</em></strong></span> <span class='ocrx_word' id='word_1_297' title='bbox 782 2892 807 2940; x_wconf 83' lang='grc'><strong><em>9.</em></strong></span> <span class='ocrx_word' id='word_1_298' title='bbox 826 2890 956 2941; x_wconf 74' lang='lat' dir='ltr'><strong><em>teotonem</em></strong></span> <span class='ocrx_word' id='word_1_299' title='bbox 967 2890 1068 2943; x_wconf 88' lang='lat' dir='ltr'><strong><em>odium.</em></strong></span> <span class='ocrx_word' id='word_1_300' title='bbox 1086 2891 1124 2944; x_wconf 82' lang='lat' dir='ltr'><strong><em>cf.</em></strong></span> 
     </span>
     <span class='ocr_line' id='line_1_38' title="bbox 206 2949 1125 3070; baseline 0.013 -70"><span class='ocrx_word' id='word_1_301' title='bbox 206 2949 286 3070; x_wconf 46' lang='lat' dir='ltr'><strong><em>enit.</em></strong></span> <span class='ocrx_word' id='word_1_302' title='bbox 303 2952 354 3068; x_wconf 50' lang='grc' dir='ltr'><strong><em>96ὸ</em></strong></span> <span class='ocrx_word' id='word_1_303' title='bbox 366 2951 451 3003; x_wconf 76' lang='lat' dir='ltr'><strong><em>Aeaci.</em></strong></span> <span class='ocrx_word' id='word_1_304' title='bbox 466 2954 483 3003; x_wconf 95' lang='lat' dir='ltr'><strong><em>i.</em></strong></span> <span class='ocrx_word' id='word_1_305' title='bbox 496 2955 522 3004; x_wconf 86' lang='grc'><strong><em>3.</em></strong></span> <span class='ocrx_word' id='word_1_306' title='bbox 549 2955 650 3007; x_wconf 67' lang='lat' dir='ltr'><strong><em>incluso</em></strong></span> <span class='ocrx_word' id='word_1_307' title='bbox 669 2960 804 3020; x_wconf 87' lang='lat' dir='ltr'><strong><em>tenebam,</em></strong></span> <span class='ocrx_word' id='word_1_308' title='bbox 817 2959 836 3010; x_wconf 92' lang='lat' dir='ltr'><strong><em>i.</em></strong></span> <span class='ocrx_word' id='word_1_309' title='bbox 849 2975 875 3012; x_wconf 90' lang='lat' dir='ltr'><strong><em>e.</em></strong></span> <span class='ocrx_word' id='word_1_310' title='bbox 887 2974 941 3010; x_wconf 86' lang='lat' dir='ltr'><strong><em>non</em></strong></span> <span class='ocrx_word' id='word_1_311' title='bbox 960 2960 1073 3012; x_wconf 78' lang='lat' dir='ltr'><strong><em>cletum.</em></strong></span> <span class='ocrx_word' id='word_1_312' title='bbox 1087 2960 1125 3012; x_wconf 83' lang='lat' dir='ltr'><strong><em>ef.</em></strong></span> 
     </span>
    </p>

    <p class='ocr_par' dir='ltr' id='par_1_13' title="bbox 233 3034 363 3070">
     <span class='ocr_line' id='line_1_39' title="bbox 233 3034 363 3070; baseline 0 -1"><span class='ocrx_word' id='word_1_313' title='bbox 233 3034 285 3069; x_wconf 80' lang='lat' dir='ltr'><strong><em>err.</em></strong></span> <span class='ocrx_word' id='word_1_314' title='bbox 299 3035 324 3070; x_wconf 87' lang='lat' dir='ltr'><strong><em>v.</em></strong></span> <span class='ocrx_word' id='word_1_315' title='bbox 357 3056 363 3069; x_wconf 93' lang='lat'><strong><em>.</em></strong></span> 
     </span>
    </p>

    <p class='ocr_par' dir='ltr' id='par_1_14' title="bbox 243 3087 1126 3164">
     <span class='ocr_line' id='line_1_40' title="bbox 243 3087 1126 3164; baseline 0.014 -26"><span class='ocrx_word' id='word_1_316' title='bbox 243 3087 445 3145; x_wconf 79' lang='lat' dir='ltr'><strong><em>inconnonnn,</em></strong></span> <span class='ocrx_word' id='word_1_317' title='bbox 464 3092 553 3151; x_wconf 77' lang='lat' dir='ltr'><strong><em>clades,</em></strong></span> <span class='ocrx_word' id='word_1_318' title='bbox 566 3090 602 3160; x_wconf 83' lang='lat' dir='ltr'><strong><em>(r.</em></strong></span> <span class='ocrx_word' id='word_1_319' title='bbox 615 3109 637 3144; x_wconf 87' lang='lat' dir='ltr'><strong><em>c.</em></strong></span> <span class='ocrx_word' id='word_1_320' title='bbox 655 3094 757 3164; x_wconf 81' lang='lat' dir='ltr'><strong><em>bellico)</em></strong></span> <span class='ocrx_word' id='word_1_321' title='bbox 777 3097 920 3148; x_wconf 79' lang='lat' dir='ltr'><strong><em>calamites.</em></strong></span> <span class='ocrx_word' id='word_1_322' title='bbox 964 3097 1059 3149; x_wconf 87' lang='lat' dir='ltr'><strong><em>Manil.</em></strong></span> <span class='ocrx_word' id='word_1_323' title='bbox 1082 3101 1126 3150; x_wconf 88' lang='grc'><strong>12.</strong></span> 
     </span>
    </p>
   </div>
   <div class='ocr_carea' id='block_1_4' title="bbox 208 3157 1126 3282">
    <p class='ocr_par' dir='ltr' id='par_1_15' title="bbox 208 3157 1126 3282">
     <span class='ocr_line' id='line_1_41' title="bbox 208 3157 1126 3221; baseline 0.013 -12"><span class='ocrx_word' id='word_1_324' title='bbox 208 3157 402 3210; x_wconf 81' lang='lat' dir='ltr'><strong><em>incommodum</em></strong></span> <span class='ocrx_word' id='word_1_325' title='bbox 414 3159 549 3211; x_wconf 78' lang='lat' dir='ltr'><strong><em>Ostiense.</em></strong></span> <span class='ocrx_word' id='word_1_326' title='bbox 569 3161 698 3213; x_wconf 67' lang='lat' dir='ltr'><strong><em>*adieri</em></strong></span> <span class='ocrx_word' id='word_1_327' title='bbox 712 3164 790 3217; x_wconf 84' lang='lat' dir='ltr'><strong><em>Brut.</em></strong></span> <span class='ocrx_word' id='word_1_328' title='bbox 803 3171 828 3219; x_wconf 81' lang='grc'><strong><em>4.</em></strong></span> <span class='ocrx_word' id='word_1_329' title='bbox 846 3172 912 3217; x_wconf 79' lang='lat' dir='ltr'><strong><em>ectr.</em></strong></span> <span class='ocrx_word' id='word_1_330' title='bbox 926 3167 961 3218; x_wconf 89' lang='lat' dir='ltr'><strong><em>od</em></strong></span> <span class='ocrx_word' id='word_1_331' title='bbox 971 3169 1034 3220; x_wconf 79' lang='lat' dir='ltr'><strong><em>Ati.</em></strong></span> <span class='ocrx_word' id='word_1_332' title='bbox 1047 3171 1085 3221; x_wconf 83' lang='lat' dir='ltr'><strong><em>vi.</em></strong></span> <span class='ocrx_word' id='word_1_333' title='bbox 1098 3171 1126 3221; x_wconf 84' lang='grc'><strong><em>9.</em></strong></span> 
     </span>
     <span class='ocr_line' id='line_1_42' title="bbox 244 3222 649 3282; baseline 0.015 -6"><span class='ocrx_word' id='word_1_334' title='bbox 244 3224 453 3276; x_wconf 82' lang='lat' dir='ltr'><strong><em>Inconrnnrns.</em></strong></span> <span class='ocrx_word' id='word_1_335' title='bbox 490 3222 548 3280; x_wconf 80' lang='lat' dir='ltr'><strong><em>Fin.</em></strong></span> <span class='ocrx_word' id='word_1_336' title='bbox 560 3230 595 3280; x_wconf 84' lang='lat' dir='ltr'><strong><em>iv.</em></strong></span> <span class='ocrx_word' id='word_1_337' title='bbox 605 3234 649 3282; x_wconf 80' lang='lat'><strong><em>27.</em></strong></span> 
     </span>
    </p>
   </div>
   <div class='ocr_carea' id='block_1_5' title="bbox 210 3294 1131 3569">
    <p class='ocr_par' dir='ltr' id='par_1_16' title="bbox 244 3294 731 3364">
     <span class='ocr_line' id='line_1_43' title="bbox 244 3294 731 3364; baseline 0.014 -20"><span class='ocrx_word' id='word_1_338' title='bbox 244 3294 497 3347; x_wconf 79' lang='lat' dir='ltr'><strong><em>lunonrnovnnsnnr</em></strong></span> <span class='ocrx_word' id='word_1_339' title='bbox 511 3300 564 3364; x_wconf 86' lang='lat' dir='ltr'><strong><em>jus.</em></strong></span> <span class='ocrx_word' id='word_1_340' title='bbox 600 3300 648 3350; x_wconf 91' lang='lat' dir='ltr'><strong><em>Or.</em></strong></span> <span class='ocrx_word' id='word_1_341' title='bbox 662 3302 731 3352; x_wconf 74' lang='lat' dir='ltr'><strong><em>ior.</em></strong></span> 
     </span>
    </p>

    <p class='ocr_par' dir='ltr' id='par_1_17' title="bbox 210 3363 1131 3569">
     <span class='ocr_line' id='line_1_44' title="bbox 246 3363 1130 3439; baseline 0.016 -26"><span class='ocrx_word' id='word_1_342' title='bbox 246 3363 415 3413; x_wconf 78' lang='lat' dir='ltr'><strong><em>luennrnnn.</em></strong></span> <span class='ocrx_word' id='word_1_343' title='bbox 451 3364 521 3417; x_wconf 82' lang='lat' dir='ltr'><strong><em>Mur.</em></strong></span> <span class='ocrx_word' id='word_1_344' title='bbox 536 3370 576 3418; x_wconf 86' lang='lat'><strong><em>10.</em></strong></span> <span class='ocrx_word' id='word_1_345' title='bbox 596 3369 707 3420; x_wconf 86' lang='lat' dir='ltr'><strong><em>simulac</em></strong></span> <span class='ocrx_word' id='word_1_346' title='bbox 721 3371 879 3437; x_wconf 82' lang='lat' dir='ltr'><strong><em>increpuerit</em></strong></span> <span class='ocrx_word' id='word_1_347' title='bbox 896 3374 1013 3439; x_wconf 76' lang='lat' dir='ltr'><strong><em>suspicio</em></strong></span> <span class='ocrx_word' id='word_1_348' title='bbox 1025 3376 1130 3427; x_wconf 88' lang='lat' dir='ltr'><strong><em>tumul-</em></strong></span> 
     </span>
     <span class='ocr_line' id='line_1_45' title="bbox 211 3430 1131 3504; baseline 0.013 -20"><span class='ocrx_word' id='word_1_349' title='bbox 211 3437 263 3484; x_wconf 86' lang='lat' dir='ltr'><strong><em>tus.</em></strong></span> <span class='ocrx_word' id='word_1_350' title='bbox 283 3430 364 3481; x_wconf 76' lang='lat' dir='ltr'><strong><em>Cani.</em></strong></span> <span class='ocrx_word' id='word_1_351' title='bbox 376 3434 394 3481; x_wconf 93' lang='lat' dir='ltr'><strong><em>i.</em></strong></span> <span class='ocrx_word' id='word_1_352' title='bbox 405 3437 427 3482; x_wconf 89' lang='grc'><strong><em>7.</em></strong></span> <span class='ocrx_word' id='word_1_353' title='bbox 448 3435 572 3503; x_wconf 84' lang='lat' dir='ltr'><strong><em>quicquid</em></strong></span> <span class='ocrx_word' id='word_1_354' title='bbox 585 3436 753 3504; x_wconf 82' lang='lat' dir='ltr'><strong><em>increpuerit,</em></strong></span> <span class='ocrx_word' id='word_1_355' title='bbox 766 3440 910 3495; x_wconf 82' lang='lat' dir='ltr'><strong><em>Catilinam</em></strong></span> <span class='ocrx_word' id='word_1_356' title='bbox 924 3444 1025 3494; x_wconf 84' lang='lat' dir='ltr'><strong><em>timeri.</em></strong></span> <span class='ocrx_word' id='word_1_357' title='bbox 1056 3443 1131 3497; x_wconf 80' lang='lat' dir='ltr'><strong><em>Nos·</em></strong></span> 
     </span>
     <span class='ocr_line' id='line_1_46' title="bbox 210 3501 560 3569; baseline 0.014 -18"><span class='ocrx_word' id='word_1_358' title='bbox 210 3501 265 3551; x_wconf 85' lang='lat' dir='ltr'><strong><em>iri:</em></strong></span> <span class='ocrx_word' id='word_1_359' title='bbox 283 3515 356 3550; x_wconf 82' lang='lat' dir='ltr'><strong><em>nonu</em></strong></span> <span class='ocrx_word' id='word_1_360' title='bbox 368 3502 422 3553; x_wconf 78' lang='lat' dir='ltr'><strong><em>sicii</em></strong></span> <span class='ocrx_word' id='word_1_361' title='bbox 433 3518 487 3567; x_wconf 23' lang='lat' dir='ltr'><strong><em>nns-</em></strong></span> <span class='ocrx_word' id='word_1_362' title='bbox 495 3512 560 3569; x_wconf 77' lang='lat' dir='ltr'><strong><em>regi.</em></strong></span> 
     </span>
    </p>
   </div>
   <div class='ocr_carea' id='block_1_6' title="bbox 0 0 1295 4209">
    <p class='ocr_par' dir='ltr' id='par_1_18' title="bbox 0 0 1295 4209">
     <span class='ocr_line' id='line_1_47' title="bbox 0 0 1295 4209; baseline 0 0"><span class='ocrx_word' id='word_1_363' title='bbox 0 0 1295 4209; x_wconf 95' lang='lat' dir='ltr'><strong><em> </em></strong></span> 
     </span>
    </p>
   </div>
  </div>
 </body>
</html>
