2567 4209
494 281 748 336 narraturus.
1026 288 1089 348 205

166 441 209 503 git
221 455 307 491 amor.
326 439 342 472 *
355 436 464 491 liberari
476 438 566 503 aliqua
584 438 712 488 molestia.
731 436 811 489 Verr.
826 438 843 488 i.
857 438 882 487 5.
910 442 1090 508 emergereju·

168 510 250 561 dicio.
280 511 339 560 nu.
353 525 379 560 r.
394 512 419 559 8.
447 523 578 571 emergere
602 507 767 558 valetudine.
795 508 831 558 ib.
846 510 887 557 10.
905 522 1034 570 emergere
1055 507 1090 561 ex

167 582 287 646 negotio.
324 576 427 629 *Coei
443 580 484 628 12.
504 592 654 645 emergere,
674 578 771 628 diedur
782 577 811 628 de
829 576 872 632 iis,
885 576 931 641 qui
942 572 1091 642 adsrugem

170 651 287 699 redeunt.

204 716 343 776 Euermr,
363 716 434 774 dare,
446 721 591 781 praestare.
628 714 708 766 Brut.
719 720 744 766 4.
778 731 828 782 ego
849 716 900 765 tibi
921 717 1090 767 voluntatem

166 786 291 852 proiecto
316 786 435 844 emetiar,
456 784 503 836 sed
524 800 582 837 rem
604 784 720 837 nondum
743 800 820 851 posse
842 783 942 844 videor,
957 785 1045 851 idque,
1058 790 1090 838 ut

166 859 295 924 ignoscas,
309 872 326 906 a
340 861 368 907 te
386 859 461 921 peto.

202 924 346 976 Euruuus.
382 923 463 975 ruse.
479 925 518 976 iii.
532 923 559 974 2.
580 923 697 974 eminens
710 922 809 991 effigies
822 923 949 975 virtutis:
968 925 995 974 h.
1008 938 1034 975 e.
1047 941 1090 975 ea·
1161 919 1165 929 ’

164 1008 263 1059 pressa,
276 1010 330 1045 noa
339 993 502 1050 adumbrata,
515 998 544 1042 ut
556 992 618 1043 aliis
631 993 694 1043 tacis
706 993 777 1043 dira.
814 991 881 1043 Nat.
895 991 960 1048 D.‚i.
973 995 1016 1043 27.
1030 1009 1090 1061 spe·

166 1065 224 1115 cies
237 1062 364 1121 Deorum,
378 1077 447 1131 quae
468 1061 535 1113 nihil
556 1063 678 1114 concreti
699 1062 799 1113 habeat
811 1089 823 1100 ·
834 1089 846 1100 ·
858 1062 895 1112 nii
908 1064 1037 1128 expressi,
1050 1063 1088 1115 aii

166 1133 313 1183 retinentis.

201 1200 382 1253 diuisurum.
420 1199 505 1252 Acad.
520 1203 555 1252 iv.
571 1204 595 1252 7.
615 1201 702 1252 mults
712 1199 806 1251 vident
817 1199 933 1265 pictores
947 1200 973 1250 in
987 1201 1087 1254 umbris

164 1274 196 1322 et
210 1273 236 1322 iu
250 1271 401 1329 eminentia,
415 1286 484 1339 quae
497 1286 544 1321 nos
562 1283 614 1322 non
627 1269 759 1321 videmus.
772 1284 806 1319 se.
820 1270 967 1320 eminentia
980 1269 1088 1334 appan-i·

165 1344 210 1390 tur
219 1342 343 1399 umbrae,
352 1340 414 1406 quia
431 1340 575 1390 eminentia
587 1339 673 1389 lueida
684 1345 754 1389 sunt.
768 1354 793 1389 v.
807 1337 918 1389 Junium
932 1337 965 1389 de
976 1336 1087 1391 Pictura

165 1407 232 1459 Vet.
246 1426 274 1475 p.
289 1412 347 1459 110.
360 1424 401 1476 sq.
426 1407 492 1459 Nat.
501 1407 536 1459 D.
547 1409 566 1459 i.
576 1411 618 1459 38.
637 1423 682 1460 res
694 1408 795 1459 nuttam
807 1409 908 1459 habeus
921 1406 1087 1462 soliditatem

166 1490 218 1528 nee
232 1477 412 1527 eminentiam.
880 1511 883 1516 -

203 1544 351 1596 Earuune.
388 1544 436 1595 Or.
451 1548 493 1596 14.
513 1550 672 1597 ornamenta
692 1545 815 1604 eminent,
828 1561 863 1596 se.
880 1560 939 1596 nrm
951 1546 982 1597 in
999 1548 1085 1598 aurias

166 1614 262 1665 eadunt
274 1620 298 1664 et
316 1613 405 1664 statim
422 1614 675 1666 animadvertuntur.
703 1614 781 1666 Verr.
796 1632 821 1666 v.
835 1618 877 1666 62.
902 1619 961 1670 toto
979 1631 1014 1667 ex
1037 1625 1083 1668 ore

166 1682 315 1735 crudelitas
327 1682 464 1733 eminebat.
502 1683 611 1736 Tuscui.
625 1684 653 1735 ii.
666 1686 710 1735 26.
729 1683 879 1750 amplitudo
897 1685 978 1734 animi
999 1686 1084 1737 maxi·

167 1768 213 1805 me
225 1752 323 1803 eminet
334 1751 538 1805 contemnendis
551 1757 580 1805 et
592 1752 772 1819 despiciendis
784 1753 927 1805 doloribus.

201 1820 371 1873 Enaesimus
389 1827 434 1881 ert,
447 1821 519 1888 eujus
538 1822 597 1887 quis
616 1837 695 1887 opera
715 1823 841 1873 utiturin
852 1821 913 1873 aliis
924 1821 1081 1884 munandin

166 1891 299 1951 veronen,
327 1890 491 1956 explorandis
514 1892 600 1950 rebus,
613 1891 677 1942 item
696 1892 867 1957 conficiendos,
881 1906 944 1955 arras
963 1891 1017 1955 ipse
1029 1906 1084 1942 non

164 1960 274 2013 sustinet
286 1975 372 2023 agere.
407 1958 453 2010 Sia
464 1958 571 2026 Turpio
583 1966 608 2010 et
619 1958 757 2024 Apronius
769 1960 892 2014 dicantar
901 1959 992 2011 Verris
1002 1962 1082 2012 emis·

164 2028 229 2081 sarii
242 2029 272 2079 in
280 2028 401 2088 decumis
416 2030 484 2094 qued
494 2045 540 2081 suo
552 2029 659 2081 nomine
675 2030 793 2080 demimus
817 2029 899 2081 Verri
910 2029 1079 2090 redemerant,

115 2157 118 2160 ,
165 2096 243 2150 Verr.
266 2099 304 2151 iii.
327 2101 368 2149 40.
382 2114 409 2150 v.
426 2103 468 2149 41.
498 2098 644 2166 superioris
666 2098 867 2166 significationis
887 2099 1004 2166 eaempia
1020 2105 1081 2152 suut

163 2166 196 2219 ud
210 2168 272 2220 Du.
283 2168 328 2219 vii.
340 2170 366 2219 2.
378 2169 424 2219 viii
438 2171 464 2219 8.

200 2240 389 2297 Eursssumm,
409 2238 439 2289 in
450 2254 478 2289 re
491 2239 590 2291 rustica
611 2244 648 2289 est
659 2234 789 2304 foramen
809 2237 837 2288 in
858 2239 924 2299 meu,
943 2253 993 2304 per
1012 2238 1080 2304 arrad

163 2308 369 2371 aquaemittitur
381 2313 405 2358 et
416 2308 653 2368 crumenarum
661 2307 716 2357 seii.
727 2308 808 2369 tigno,
818 2308 885 2370 quad
895 2308 921 2358 ei
932 2309 1079 2373 appositum

163 2383 206 2426 est.
226 2376 259 2427 ad
274 2376 335 2427 Div.
349 2377 404 2427 xvi.
421 2379 461 2426 18.
492 2379 620 2429 sestertia
644 2375 760 2425 ducenta
779 2374 870 2431 dabat,
895 2377 967 2428 nulio
990 2379 1077 2438 horta,

162 2446 236 2496 nulio
249 2445 395 2503 emissaria
409 2445 482 2495 nulia
502 2444 629 2500 maceria,
644 2444 717 2492 uuila
734 2457 804 2492 caso.
817 2458 842 2491 a.
856 2442 949 2493 Graes.
968 2446 1001 2494 ad
1018 2447 1045 2495 tr.
1058 2446 1076 2495 l.

164 2511 331 2576 Adjieiamus
341 2512 427 2561 iocum
438 2526 451 2560 e
463 2511 538 2561 Plio.
549 2507 587 2561 H.
601 2509 641 2559 Ν.
655 2509 750 2558 auriti.
764 2514 789 2558 4.
809 2509 948 2560 emissaria
959 2511 989 2560 in
998 2512 1078 2576 pisci-

163 2595 199 2629 ua
208 2580 290 2643 quina
298 2579 395 2644 pedum
403 2579 590 2641 quadratorum
598 2572 769 2640 ternumsere
778 2576 942 2639 linquuntur,
951 2584 975 2628 et
981 2580 1078 2644 repieta

163 2653 255 2710 stugno
267 2647 384 2697 excussis
396 2646 591 2697 opturamentis
603 2645 718 2709 erumpit
736 2650 845 2702 torrens,
858 2650 904 2696 ete.

119 2759 123 2765 .
199 2715 324 2766 Eurssru.
361 2713 442 2765 Tusa.
456 2715 484 2764 ii.
494 2717 537 2765 24.
566 2719 703 2765 tormenta
722 2729 755 2765 eo
774 2715 909 2779 graviores
928 2713 1077 2767 emissiones

164 2785 267 2836 trahent
279 2781 341 2853 (int.
354 2782 487 2852 telarum)
499 2798 551 2850 quo
563 2787 626 2834 suat
637 2781 754 2834 adducta
765 2786 847 2850 atqne
860 2788 989 2835 contenta
997 2785 1078 2836 vehe-

164 2855 290 2905 nicatius.

199 2922 364 2973 Eurrranu.
401 2918 462 2971 Div.
476 2920 505 2970 ii.
520 2922 560 2971 19.
580 2919 690 2971 nubium
710 2920 834 2971 conflictu
847 2919 926 2973 ardor
937 2936 1077 2987 expressus

162 3007 192 3044 se
205 2991 300 3042 emisit
328 2989 407 3041 *teia
427 2989 519 3039 emitti
537 2989 661 3040 dicuntur
683 2990 863 3040 tumentium
881 2992 996 3041 emissio.
1016 2992 1078 3043 trine

163 3060 211 3112 Or.
223 3062 251 3111 ii.
265 3061 307 3111 53.
326 3063 482 3122 argumenta
494 3059 586 3110 emitti
598 3059 730 3118 dieantur,
740 3074 799 3109 eum
806 3064 998 3124 proponuntur.
1013 3061 1076 3111 idid.

139 3127 144 3134 '
163 3131 205 3181 64.
225 3129 345 3183 facetum
360 3127 463 3179 dictum
484 3128 609 3178 emissum
620 3128 724 3179 haeret.
742 3126 818 3179 Coei.
834 3130 874 3179 12.
887 3128 1004 3179 emittere.
1015 3144 1077 3181 acu·

163 3198 220 3250 teos
233 3198 413 3249 inhominem.
433 3195 448 3228 *
460 3195 612 3255 dimittere,
622 3197 749 3247 absoluere
761 3211 837 3247 reum
848 3203 988 3256 nocentem,
1002 3197 1078 3248 dueta

104 3323 107 3326 ,
161 3268 315 3330 aretapteura
326 3280 343 3317 a
354 3263 449 3324 bestiis,
460 3280 523 3329 quae
536 3279 554 3316 a
565 3266 647 3316 eureis
659 3266 823 3316 emittuntur.
851 3265 927 3316 Sext.
937 3269 979 3316 64.
992 3266 1078 3318 emitti

163 3348 199 3386 ex
205 3332 308 3401 judicia
319 3334 415 3402 grstia.
435 3332 556 3401 Harusp.
569 3349 640 3400 resp.
655 3337 696 3385 18.
716 3338 745 3384 te
753 3332 860 3403 judices
872 3333 1023 3385 emiserunt.
1031 3335 1078 3387 udi

163 3400 291 3454 Graevius
301 3409 406 3467 praeter
417 3417 473 3453 rem
485 3403 550 3466 tegit
560 3401 730 3454 dimiserunt.
766 3403 811 3454 Sic
824 3418 848 3453 c.
858 3404 901 3453 21.
920 3400 1026 3454 Clodius
1038 3404 1077 3455 di·

94 3496 105 3504 ·
162 3470 233 3523 citur
251 3471 363 3523 emissas
382 3471 541 3524 matrerm
561 3470 693 3538 benpieio,
711 3487 746 3523 se.
768 3488 781 3522 e
801 3471 877 3522 domo
896 3468 1024 3531 Caesaris,
1043 3487 1075 3524 ne

163 3544 307 3605 raperetur.

203 3627 309 3678 svennx,
329 3627 401 3671 von.
421 3605 463 3665 n’
643 3612 680 3665 18
