2567 4209
190 229 234 292 bu
369 172 423 284 ,³⁵³
517 231 524 240 ·
586 218 705 273 neom

230 380 389 433 Arrsmom.
410 378 464 437 Qu.
475 377 520 431 Fr.
534 377 573 429 iii.
588 377 1118 437 1.1.loeus,ubiosesalmtur,oelmses-

192 451 278 503 sitatis
290 458 314 502 et
324 450 457 509 utilitatis,
470 449 511 500 uel
520 447 661 515 voluptatis
673 454 698 499 et
708 447 844 499 musitata}
852 462 942 510 ,eausa
978 445 1024 497 Ea
1033 453 1118 513 posto·

189 521 261 576 riori
270 516 429 585 gesserefuit
440 517 580 578 aviarium,
593 517 623 569 de
631 533 682 583 quo
690 533 776 571 serisso
786 531 831 583 up.
844 516 1005 569 Cieerorsem.
1018 518 1048 569 sle
1060 516 1117 569 aui-

193 590 321 643 oriieoisl.
337 588 366 641 V
363 604 420 640 aar.
434 586 470 639 ll.
484 586 521 638 R.
533 586 577 639 iii.
586 590 612 639 3.
626 593 651 640 et
661 592 687 639 l.
833 601 838 624 ·‘

224 660 303 712 Aris.
326 658 360 710 ad
371 658 434 710 Dis.
448 658 496 709 vii.
508 660 552 709 26.
571 657 647 725 quasi
656 673 730 709 auem
738 656 826 709 416461
834 655 961 709 videntur
972 657 1042 708 bene
1054 672 1116 708 sen-

131 769 133 774 .
192 729 308 781 lientem
328 728 418 781 airam
431 727 539 781 videre:
554 726 797 798 proverbialiter&
809 743 838 779 re
850 742 924 778 rora.
960 724 1023 778 Dir.
1036 726 1056 777 i.
1070 728 1112 777 16.

190 814 285 851 aversa
296 798 348 851 aot.
360 798 381 850 i.
395 815 417 850 e.
430 803 521 849 rooba
532 796 659 863 auspicia.

141 885 143 890 ·
223 868 377 922 Arsinois.
396 868 481 920 velum
491 866 601 933 pictum
611 868 684 934 eujus
695 881 750 919 ooo
761 867 846 918 solum
866 866 897 919 io
915 864 1020 917 aeduus
1036 862 1115 933 (Cor-

191 938 244 990 tius
252 933 1117 1006 olsragm.lsist.p.960.)1sortiaibus,(Psopert.ii.23.46.)usus

190 1008 325 1059 sedetiam
345 1007 504 1060 iutlseolris.
533 1005 609 1059 Coel.
629 1009 673 1060 27.
695 992 793 1058 deinde
814 1006 926 1059 scabilla
937 1009 1111 1073 concrepant,

190 1077 312 1129 aulaeum
324 1077 440 1130 tollitur.
458 1077 487 1128 de
499 1077 534 1129 iis
546 1082 583 1128 est
593 1076 721 1144 inprimis
738 1076 852 1144 inriguis
872 1076 942 1128 loeus
954 1074 1032 1127 ovio.
1045 1073 1112 1127 Met.

190 1145 233 1198 iii.
248 1150 312 1198 111,.·
320 1162 357 1211 sq.
370 1145 405 1215 os.
415 1145 497 1198 Imer.
506 1148 543 1198 ia.
553 1149 595 1200 73.
606 1163 644 1212 so.

223 1215 381 1276 Aoaosnas.
418 1216 580 1268 Murem-18.
601 1215 642 1269 Ul
654 1219 729 1286 ajunt
737 1216 765 1268 in
773 1215 921 1269 artificibus
932 1213 1053 1278 Graecis,
1066 1229 1112 1268 ess

188 1285 309 1338 auloedos
320 1301 388 1348 esse,
401 1287 447 1354 qui
459 1285 610 1339 citharoedi
622 1286 680 1338 fieri
692 1300 744 1338 non
755 1287 905 1353 potuerint.

222 1355 314 1407 Aoos.
333 1357 365 1408 ab
377 1363 451 1408 oeuto
463 1356 559 1408 baiori
570 1356 718 1408 trobueitur
729 1356 763 1407 ael
773 1369 950 1422 qssamouoque
966 1370 1033 1415 rem,
1046 1369 1112 1420 meae

187 1439 236 1477 etos
251 1425 340 1491 aliquo
353 1426 486 1492 propellit,
499 1440 534 1477 so.
546 1432 576 1477 ut
588 1441 698 1490 agamus
714 1425 822 1492 eliasib
835 1432 881 1477 sut
901 1440 1112 1491 eonsemeomurs

187 1509 250 1557 ooo,
264 1496 332 1560 quob
341 1496 419 1561 uulgo
431 1495 589 1557 existimant,
609 1496 643 1548 ab
652 1493 780 1563 savorem
796 1501 899 1547 tautum
919 1494 999 1546 levero
1008 1495 1111 1561 populi.

188 1562 265 1617 Nam
276 1565 330 1631 ipse
334 1562 420 1631 fauor
430 1565 475 1617 ille
485 1581 553 1619 aura
560 1571 701 1633 propterea
711 1566 817 1625 dieitur,
826 1566 888 1631 quio
900 1565 1018 1617 homines
1029 1565 1064 1615 ab
1071 1579 1113 1616 eos
1145 1571 1150 1580 ·

188 1648 231 1685 res
242 1635 354 1699 agendas
365 1635 487 1702 impellit,
496 1649 559 1701 quas
570 1649 649 1700 agere
659 1651 714 1687 soors
722 1634 894 1695 emesan-lebat,
907 1641 953 1686 aul
963 1650 996 1685 oe
1007 1634 1114 1686 suimus

188 1703 369 1768 quidemerat.
414 1704 532 1773 Harusp.
554 1705 637 1774 Resp.
657 1707 701 1758 26.
733 1705 882 1773 Sulpicium
906 1703 1016 1772 longius,
1029 1719 1112 1772 quam

185 1772 282 1835 soluit,
296 1789 363 1825 aura
372 1775 509 1841 popularis
520 1775 657 1842 provexit.
678 1774 758 1828 Verr.
767 1776 785 1828 i.
801 1777 841 1827 13.
851 1777 943 1842 sperat
955 1774 1007 1826 sibi
1016 1787 1113 1828 aurun

184 1857 264 1910 posse
276 1845 394 1913 aliquam
406 1845 487 1897 afflari
508 1846 536 1897 in
555 1847 606 1897 hoo
618 1845 740 1906 erimine,
753 1844 894 1897 uoluntatis
906 1841 1111 1909 assertionisque

183 1927 286 1976 sorum,
299 1916 326 1966 h.
340 1930 398 1967 ese
410 1916 540 1967 voluntate
548 1927 640 1968 eorum
651 1921 675 1967 et
687 1915 840 1974 ossmsiooe,
850 1914 897 1979 qui
904 1912 954 1965 Co.
964 1911 1112 1966 Carbonem

183 1982 295 2044 oderint,
307 1990 442 2048 tamquam
453 1999 521 2048 ostro
535 1984 653 2043 secunda,
667 2000 698 2035 ea
715 1986 763 2035 boe
781 1983 893 2034 erimine
910 1998 1075 2033 emersumm
1087 1989 1111 2035 et

184 2055 320 2116 tammum
331 2053 447 2117 scopulos
456 2057 704 2118 praetervecturum.
740 2050 847 2102 Mosen.
862 2053 903 2102 17.
924 2053 1012 2103 totam
1024 2052 1111 2118 opini-

186 2134 267 2172 onem
282 2119 334 2190 (se.
347 2122 377 2172 le
389 2127 480 2173 euentu
492 2118 672 2190 comitiorum)
691 2133 776 2188 parva
786 2134 975 2188 nonnunquam
986 2135 1055 2173 auro
1065 2136 1112 2172 eu·

185 2190 270 2241 moris
281 2193 432 2243 commutat
444 2187 589 2259 (tamquam
609 2204 716 2241 sursum
726 2188 824 2260 nauis.)
842 2187 919 2241 sext.
932 2194 1059 2246 4101111.
1073 2190 1110 2250 Q.

184 2256 305 2319 Catulus,
318 2274 399 2327 quem
411 2274 498 2327 neque
516 2259 631 2326 periculi
652 2263 810 2325 tempestas,
824 2274 858 2311 ne
877 2274 912 2311 ue
924 2274 993 2310 auro
1003 2261 1111 2317 leouors‘s

184 2329 276 2395 potuit
299 2344 416 2397 unquam
439 2328 473 2380 de
486 2344 533 2380 suo
556 2343 635 2380 eursu
647 2327 797 2381 dimovere.
867 2345 897 2395 p.
910 2327 972 2382 Diu.
985 2330 1052 2381 osii.
1064 2332 1109 2382 26.

186 2413 251 2450 aura
271 2397 370 2449 favoris
390 2399 534 2465 popularis,
556 2397 654 2450 elicitur
675 2397 710 2450 de
729 2399 818 2467 gratia
829 2397 900 2467 apud
917 2399 1055 2467 populum,
1068 2400 1113 2453 sot

185 2473 309 2532 quatenus
321 2466 352 2521 C.
368 2466 516 2528 Terentiae,
528 2468 574 2533 qui
579 2466 640 2533 jam
652 2468 775 2520 ammam
783 2469 914 2521 attollebat
922 2470 956 2520 ab
964 2470 1111 2521 sonmlotus

183 2550 263 2601 meus,
285 2538 334 2589 leae
350 2537 442 2601 gratia
460 2538 494 2588 ob
504 2538 669 2589 consulatum
680 2554 705 2589 se
715 2545 905 2604 peruenturum
913 2539 1032 2605 putabat.
1044 2554 1108 2591 aas.

185 2608 228 2658 lb.
241 2612 307 2658 eutr.
319 2614 407 2659 tamese
418 2612 455 2658 est
467 2607 496 2659 lle
504 2606 554 2659 leui
563 2606 758 2674 populisaoore
771 2608 936 2676 simpliciter.

219 2677 377 2729 Asamum.
415 2676 469 2733 Qu.
495 2676 540 2728 Fr.
554 2677 583 2728 il.
598 2680 640 2729 lb.
653 2677 704 2736 ‘lta
716 2693 761 2731 me
785 2681 816 2731 et
839 2694 899 2732 esse
922 2682 954 2730 et
970 2677 1028 2731 lore
1040 2678 1111 2733 seito

184 2746 306 2798 auricula
317 2745 407 2799 infima
419 2746 580 2798 molliorem.

217 2814 318 2867 Aoms.
337 2816 421 2868 Areh.
444 2819 485 2867 16.
504 2830 582 2867 aures
605 2829 665 2869 suas
689 2816 789 2870 dedere
815 2817 911 2883 postis.
947 2816 1010 2868 Ast.
1023 2818 1053 2869 ii.
1068 2820 1110 2869 14.

182 2883 307 2937 sitientes
319 2900 404 2937 aures.
422 2886 506 2938 Arah.
520 2887 546 2937 6.
559 2901 635 2939 aures
647 2886 778 2939 defessae.
809 2885 857 2938 Or.
869 2888 913 2937 29.
925 2899 1002 2935 aures
1013 2885 1110 2938 avidae

182 2956 212 3005 el
223 2970 346 3022 capaces.
358 2972 394 3010 sc.
413 2956 443 3007 ios
466 2955 639 3022 biisebisamlis
662 2957 801 3008 uerbosum
824 2953 1054 3019 complexionibus,
1068 2970 1111 3006 ea-

181 3038 293 3090 rumque
310 3025 385 3092 y'usta
407 3025 598 3089 magnitudine.
646 3024 738 3077 Rebir.
752 3021 826 3075 Post.
841 3025 882 3074 14.
900 3036 977 3073 osores
1000 3021 1112 3078 refersit

181 3092 241 3149 istis
253 3095 429 3147 sermonibus.
442 3095 503 3147 Mil.
518 3097 559 3147 12.
578 3109 656 3145 aures
674 3091 888 3168 peregrinentur,
901 3106 989 3159 aeque
1002 3107 1112 3147 versan-

179 3165 226 3216 tur
238 3165 265 3215 in
277 3179 400 3217 sermone
411 3165 541 3224 civitatis,
555 3167 610 3216 eto.
647 3161 740 3227 Plane.
752 3164 797 3213 27.
807 3176 885 3213 aures
896 3163 1012 3215 hebetes
1025 3180 1110 3233 popu·

182 3231 224 3285 lus
248 3232 326 3286 Rom.
352 3235 445 3288 habet.
477 3235 539 3285 Ast.
553 3233 572 3284 i.
586 3234 611 3284 b.
629 3230 791 3290 dareoures
810 3245 870 3283 suas
882 3232 974 3285 alicui.
993 3232 1072 3286 Orat.
1085 3236 1112 3286 a.

180 3301 336 3357 Atticorum
354 3319 432 3355 aures
451 3307 555 3355 teretes
575 3309 607 3354 et
627 3302 778 3371 religiosae.
797 3301 841 3355 ad.
854 3301 917 3355 Dis.
929 3302 979 3355 xii.
993 3304 1035 3355 16.
1053 3305 1110 3357 noli

178 3375 286 3437 putare,
299 3388 343 3425 me
356 3375 407 3426 lroa
418 3371 483 3426 dare
495 3371 605 3424 auribus
618 3372 682 3424 tuis.
695 3375 752 3424 eta.

214 3440 330 3495 Aaron.
354 3444 421 3511 Agr.
432 3443 450 3494 i.
464 3447 489 3494 4.
499 3456 598 3494 summ
605 3441 786 3494 oomoarium.
798 3457 824 3494 o.
833 3442 865 3494 iss
875 3440 1003 3497 Coronos.
1017 3442 1109 3497 Flaoe.

176 3507 220 3562 26.
233 3523 330 3564 summ
350 3510 497 3565 lulaioum
510 3531 519 3563 s
551 3510 623 3580 qood
634 3509 800 3568 ludaeorum
810 3514 920 3575 nomiae
939 3530 975 3569 ex
987 3512 1068 3568 ltalia
1080 3519 1111 3567 et
