2567 4209
201 263 264 328 iss
593 256 711 311 unm
778 263 780 270 ’

230 413 400 468 Caesonine.
435 412 497 464 stt.
509 428 554 466 xv.
565 416 606 464 13.
624 415 774 466 orationem
786 413 837 465 tibi
858 414 936 469 misi:
956 419 1014 484 ejus
1030 423 1111 470 cuda

197 484 302 537 dieodae
314 480 527 550 etprolereudse
539 484 681 535 arbitrium
700 492 776 537 tuum
799 485 843 537 sit.
880 484 928 536 Or.
942 486 971 537 ii.
984 488 1011 537 2.
1031 492 1111 539 casto·

197 554 263 606 dire.
276 554 371 610 literis,
385 556 421 602 est
431 552 573 602 ammonae
583 553 700 617 prodere.

231 620 344 673 Cusnos.
381 620 443 672 Seu.
456 635 484 687 p.
497 619 564 672 Red.
579 625 620 673 11.
639 621 762 673 custodes
775 620 802 671 in
819 621 937 674 comitiis
949 624 1013 676 item
1025 624 1112 677 tabel-

197 691 283 743 lamm
294 689 516 748 dicunturamiai,
530 690 576 755 qui
598 706 615 742 a
634 691 777 742 candidatis
800 697 846 741 ant
865 691 909 751 iis,
922 707 1034 756 mmmm
1046 695 1112 745 inte·

196 759 346 820 restantis
363 766 387 810 et
405 758 587 810 cremnorum
606 760 762 811 tabellarum
777 761 980 824 apponebamm,
993 761 1111 829 nosram

196 828 351 880 intercedere
361 835 453 893 posset,
466 834 511 879 aut
530 843 578 878 uta
589 835 677 895 sponte
700 844 759 880 eam
777 843 868 879 curam
889 831 1067 896 suscipiebant,
1080 838 1110 883 at

192 903 264 964 patet
275 914 288 949 e
301 897 457 959 Pisoniana,
469 912 492 948 c.
507 899 547 950 lb.
566 899 623 950 add.
639 896 668 949 V
667 898 721 950 iros
735 897 800 949 doct.
817 898 851 948 od
870 897 900 951 V
897 913 953 950 arr.
966 898 1001 951 R.
1014 899 1050 952 R.
1064 900 1107 952 iii.

196 969 222 1018 ὁ.
235 973 300 1018 eutr.
311 973 335 1020 et
347 966 444 1019 omen.
458 964 531 1020 Com.
545 967 565 1018 i.
578 970 603 1019 3.
617 973 642 1020 t.

230 1035 337 1089 Cusas.
375 1035 452 1088 Verr.
466 1040 547 1087 1.·17.
561 1040 616 1089 etc.
642 1051 674 1087 ee
694 1051 744 1101 prm
763 1034 818 1086 loeo
829 1042 946 1102 apparet,
959 1038 1110 1090 onerariam

195 1103 386 1170 nauemsuisse,
399 1106 433 1156 ad
451 1105 618 1170 deportandae
637 1120 734 1156 mercer
757 1106 984 1166 accommodatam,
1001 1115 1109 1173 propter

191 1174 367 1245 latitudinem.
388 1189 440 1239 atra
449 1189 530 1239 paene
542 1175 576 1224 ad
596 1177 664 1235 mliv
677 1171 803 1239 sormam
814 1175 952 1235 accedebat,
970 1177 1008 1227 ita
1030 1177 1107 1228 dicta.

194 1243 239 1295 Sic
251 1243 358 1295 Hotnm.
370 1241 466 1295 Graeci
476 1253 609 1308 opponunt
621 1243 793 1307 tongioriban
806 1250 944 1308 vacaretque
964 1262 1107 1315 mmm.

195 1311 274 1363 Forte
286 1315 322 1364 es't
331 1328 382 1377 pro
393 1311 521 1380 Cymbea.
534 1319 563 1362 nt
574 1315 645 1374 aeter
661 1313 732 1377 apud
743 1310 855 1380 Hesycb.
868 1312 914 1363 ubi
925 1329 949 1364 u.
958 1312 1107 1376 Alterturn.

228 1380 458 1433 Cvsoceeusuus.
496 1381 606 1434 Attvi.
622 1385 645 1431 1.
672 1386 732 1433 eret
751 1381 936 1449 cynocephalus
955 1386 982 1433 in
1001 1379 1106 1432 essedo.

195 1446 238 1503 De
250 1447 565 1532 Cynocepbalissabulasa
576 1456 635 1502 runt
646 1465 689 1515 ap.
703 1449 778 1501 Plia.
789 1450 827 1501 H.
840 1449 879 1501 N.
887 1450 922 1500 oi.
935 1453 978 1504 30.
1006 1448 1108 1501 Verum
1120 1475 1122 1480 ·

192 1525 239 1640 get,
252 1519 392 1571 samiorum
401 1515 583 1586 genussnisse,
597 1520 664 1586 pnod
675 1519 713 1571 ita
724 1520 908 1586 appellaretur.
917 1535 942 1572 a.
950 1518 1061 1571 Salmm.
1073 1518 1108 1570 ad

214 1589 277 1641 olin.
287 1604 315 1655 p.
328 1590 388 1641 267.

621 1796 657 1849 D.

226 1934 414 1989 nicomed.
450 1934 496 1988 Or.
510 1938 552 1988 bt.
578 1935 718 2004 dactylium
740 1949 865 1987 numerus
888 1936 1107 1988 hexametrorum

192 2005 434 2074 magniloquentiae
457 2010 499 2057 est
523 2003 757 2057 accommodatior.
805 2003 959 2073 Dactylicus
981 2010 1107 2055 namemt

192 2090 245 2125 nou
256 2075 332 2125 ruodo
343 2089 356 2124 e
366 2073 472 2138 pedibus
483 2074 615 2142 dactylicis
627 2073 722 2132 mitur,
735 2073 778 2124 sed
789 2073 868 2124 etiam
886 2090 917 2124 er
928 2073 1045 2138 reliquis,
1058 2071 1106 2137 oni

191 2143 279 2195 eodem
290 2149 403 2207 tempore
416 2143 587 2202 continentur,
601 2149 630 2196 ut
641 2149 789 2208 anapaesto,
802 2142 920 2206 sparrdeo.
955 2141 1001 2193 Sic
1012 2148 1049 2194 est
1059 2156 1104 2207 ap.

191 2209 308 2274 Langia.
321 2209 349 2261 S.
363 2213 405 2261 38.
434 2210 658 2275 ‘obpeelerrmnm
675 2211 722 2262 abi
740 2211 792 2262 oid.
807 2208 870 2263 lntt.
890 2219 914 2264 et
932 2209 1001 2279 conf.
1014 2209 1103 2264 Clarlt.

191 2281 225 2333 ad
236 2278 346 2331 Homer.
361 2230 438 2329 uiui
455 2277 489 2329 Τ.
497 2279 517 2330 i.
528 2293 556 2343 p.
570 2280 612 2329 68.
634 2321 638 2326 .

225 2348 358 2399 Dounon.
376 2347 411 2399 de
422 2347 504 2399 Univ.
517 2351 556 2397 11.
575 2345 628 2407 Dii,
638 2364 703 2415 quos
715 2347 812 2400 Graeci
823 2349 937 2414 torperet,
955 2349 1102 2417 appeliant,

190 2418 283 2476 nostri,
297 2424 327 2469 ut
335 2417 437 2484 opinor,
451 2416 550 2468 Lares:
569 2416 683 2469 simodo
698 2419 749 2470 hoc
761 2423 836 2470 recte
847 2432 1005 2470 conversum
1016 2418 1103 2470 rideri

190 2492 291 2556 potest.

225 2555 381 2607 Diuunrm
398 2555 524 2607 ambitus.
543 2552 704 2607 cruentas.

223 2623 440 2676 Dinninomuu
455 2623 595 2690 judicium.
617 2624 796 2677 Verniiiffl.

223 2693 361 2750 Dsmuuu,
380 2700 488 2753 sumtus,
495 2692 601 2757 jactura
613 2692 817 2759 reisumiliaris,
827 2698 902 2757 arpa
913 2694 974 2745 adeo
986 2708 1028 2744 aes
1039 2693 1102 2746 alic·

188 2778 260 2814 rerem⁴
290 2762 368 2813 Verr.
383 2762 400 2811 i.
417 2764 456 2813 12.
474 2762 577 2820 domna,
590 2775 660 2829 quae
673 2779 715 2814 res
727 2763 811 2829 patris
823 2764 879 2829 ejus
891 2764 1014 2827 pertulit,
1024 2779 1101 2829 prae·

189 2835 337 2883 teneantur.
347 2828 412 2881 ibid.
425 2846 451 2880 v.
466 2833 506 2882 13.
525 2830 627 2887 damna
640 2847 709 2898 quiae
721 2832 819 2883 aetatis
832 2832 919 2882 fructu
931 2831 1059 2883 dissoluta
1071 2836 1102 2884 et

188 2903 362 2966 compensata
382 2906 453 2950 sunt.
496 2898 567 2949 Phil.
592 2898 620 2950 ii.
640 2903 684 2952 21.
709 2902 804 2952 domna
824 2900 963 2951 aleatoris.
993 2900 1101 2962 *genus

188 2969 359 3029 coercitionis,
373 2974 396 3017 et
405 2982 501 3033 poenae
514 2968 627 3027 leuioris,
641 2984 700 3033 qna,
712 2986 737 3022 o.
747 2984 769 3020 c.
787 2967 910 3020 Gamales
921 2971 1059 3020 utebantur
1070 2971 1101 3022 io

186 3035 332 3096 Senatores,
344 3036 391 3101 qni
410 3037 474 3100 ipsis
490 3052 584 3102 parere
596 3037 702 3089 nudent.
738 3037 808 3090 Pbil.
823 3038 841 3089 i.
854 3039 879 3087 b.
905 3038 964 3105 quis
983 3053 1103 3106 uuquam

186 3110 265 3158 muto
276 3106 370 3157 damno
383 3109 533 3157 senatorem
545 3107 633 3173 coegit
647 3105 659 3156 l
676 3110 722 3159 eut
735 3105 799 3174 quid
811 3110 854 3157 est
864 3107 1041 3176 ultrupignus
1050 3111 1099 3159 aut

126 3185 134 3194 '
187 3172 323 3226 multam?
340 3173 393 3227 Off.
410 3174 449 3224 iii.
462 3176 487 3224 b.
506 3174 551 3241 qui
563 3176 777 3241 conjunctionem
789 3175 889 3227 civium
901 3175 1039 3235 dirimunt,
1052 3191 1099 3229 eos

186 3249 283 3303 morte,
314 3242 405 3301 exilio,
429 3242 550 3302 vinculis,
570 3243 665 3295 daomo
685 3250 820 3297 coercent.
850 3244 954 3310 *genas
973 3244 1098 3312 injuriae.

185 3311 266 3365 Rosc.
279 3310 354 3362 Com.
365 3314 405 3361 il.
423 3310 660 3432 darnngssudinium
670 3318 724 3365 etc.

220 3379 322 3432 Durio.
358 3380 492 3434 Aeacii.
538 3382 653 3451 degum
664 3382 744 3436 datia.

218 3447 335 3508 Dorou.
374 3447 585 3520 Uitrfipostdo.
715 3459 717 3464 '
