2567 4209
492 352 744 410 nummulus.
1015 363 1079 423 225
1108 320 1162 417 s'

196 513 324 566 Fumosae
342 511 371 563 de
370 510 487 580 seminis
496 511 637 578 impudicis
650 518 674 563 et
684 507 885 576 6616616666.-
908 509 986 565 Orot.
997 515 1082 568 1166.

161 588 233 638 extr.
247 600 291 636 me
304 588 392 636 mater
403 580 663 649 vetuitadsamosas
676 581 725 632 ire.
763 580 807 633 Fr.
818 580 851 632 de
864 580 933 648 Rep.
948 586 972 633 l.
993 585 1077 651 siqua

160 651 343 720 eiatsomosa,
362 654 386 704 ei
400 654 507 722 cognati
519 652 639 704 osculum
653 665 705 702 non
719 651 851 703 serebant.
870 650 921 703 uid.
934 651 1029 704 Heius.
1042 654 1077 705 od

159 721 237 774 Ouid.
250 722 361 774 Heroid.
374 725 399 774 9.
410 726 451 775 76.
908 784 910 787 .

195 791 364 853 Fauorinus,
383 791 465 844 nimis
481 788 684 856 superstitiosus.
733 789 794 842 Diu.
809 790 893 842 1157.
920 793 1073 860 philosophi

159 863 338 928 superstitiosi
352 868 382 914 et
396 878 481 929 paene
491 859 619 927 fanatici.
633 859 668 911 de
680 858 783 918 Stoicis,
799 860 845 924 qui
856 860 938 911 nirais
950 862 1073 924 oraculis,

160 937 183 982 et
195 932 268 982 orn-ni
279 932 438 987 divinationi
449 932 604 983 tribuebant.
642 929 720 980 Dom.
735 932 776 980 10.
797 927 1028 996 bomosanaticus.

195 1000 308 1051 Fnuuu.
344 1000 411 1052 Nat.
426 1000 458 1052 D.
473 1003 512 1053 iii.
527 1004 567 1051 16.
588 998 766 1050 Eumenidum
771 995 882 1064 sonum.
896 1015 921 1050 o.
934 999 974 1050 ibi
985 1006 1038 1052 not.
1065 1028 1069 1035 ·

196 1069 306 1120 Fiscus.
343 1070 422 1122 Brut.
436 1073 460 1122 6.
479 1086 540 1122 cum
558 1069 610 1122 tibi
622 1072 699 1119 actas
710 1073 802 1120 nostra
809 1070 866 1136 jam
879 1067 999 1129 cederet,
1015 1066 1077 1136 sut·

160 1154 247 1202 aesque
260 1141 455 1193 summitteret.

195 1207 305 1268 risen,
324 1209 353 1259 de
369 1211 519 1262 cruralibus
541 1208 672 1260 uirorum.
709 1206 771 1258 ott.
786 1206 814 1257 ii.
828 1209 853 1257 3.
884 1210 988 1260 etenim
1008 1209 1074 1262 mibi

158 1279 214 1349 ejus
227 1279 339 1346 caligae,
353 1283 383 1331 ut
394 1277 500 1346 fasciae
520 1284 639 1336 cretatae,
654 1291 706 1328 non
719 1276 876 1342 placebant.
894 1277 923 1328 de
936 1276 1073 1344 Pompeio,

158 1362 235 1412 quem
254 1349 323 1399 notis
345 1356 484 1415 propterea
507 1346 642 1400 uersimiis
665 1346 727 1398 risit
755 1343 865 1396 Varro:
884 1343 1005 1398 Fascioia
1029 1347 1076 1412 qui

158 1432 238 1467 crura
246 1417 317 1479 legit,
336 1418 418 1482 digito
431 1424 507 1483 caput
515 1432 568 1468 uno
580 1415 689 1481 Scalpit,
699 1414 762 1480 quid
770 1414 857 1465 credas
869 1415 937 1467 bunc
950 1416 1001 1468 sibi
1010 1417 1073 1470 66116

158 1484 272 1535 airum?
290 1484 335 1536 Fr.
345 1486 372 1536 in
382 1485 459 1538 Clod.
472 1503 533 1539 cum
546 1487 715 1538 vincirentur
726 1482 920 1551 pedessasciis.
947 1485 1014 1537 Sunt
1027 1500 1074 1537 aa·

158 1557 212 1603 1616
224 1553 361 1604 bominum
380 1556 542 1606 molliorum.
558 1571 583 1605 u.
595 1552 721 1620 fasciola.
758 1552 854 1603 *Sunt
866 1553 945 1606 etiam
957 1563 1074 1618 aegroto-

158 1636 231 1672 rum.
268 1621 347 1674 Brut.
358 1625 401 1674 60.
419 1622 468 1675 Cn.
481 1624 612 1675 Octavius
624 1622 766 1674 devinctus
778 1619 950 1688 eratfasciis,
963 1629 993 1676 et
1005 1626 1073 1678 mul·

158 1691 194 1742 tis
208 1690 421 1752 medicamentis,
435 1698 548 1759 propter
560 1693 679 1744 dolorem
691 1700 807 1749 artuum,
822 1691 969 1745 delibutus.

193 1759 359 1812 Fuscronuc.
396 1760 463 1815 Har.
477 1763 559 1830 Resp.
572 1764 616 1813 21.
635 1760 726 1812 Clodio
735 1761 867 1812 interalio
879 1762 1020 1813 muliebria
1031 1777 1074 1814 or·

157 1836 289 1890 nomento,
315 1832 407 1895 quibus
423 1834 551 1891 utebatur,
577 1830 736 1897 abjiciuntur
762 1845 913 1898 purpureae
938 1831 1073 1884 fasciolae.

157 1897 240 1964 Apud
251 1899 358 1951 Suum.
373 1899 458 1965 Culig.
474 1905 514 1953 17.
534 1916 669 1968 purpurae
682 1915 714 1951 ac
722 1900 858 1965 conchylii
871 1900 970 1952 fasciae
984 1901 1075 1954 distri·

158 1968 283 2029 buuntur,
296 1967 458 2035 sedfeminis
469 1976 492 2021 61
509 1970 609 2036 pueris.
623 1970 674 2021 oid.
687 1969 815 2034 inprimis
826 1967 938 2022 Salmas.
947 1971 982 2022 ad
992 1968 1074 2024 Lout-

154 2039 227 2109 prid.
241 2037 320 2091 Alea.
330 2038 386 2092 Seu.
396 2057 418 2092 c.
432 2044 475 2092 10.
683 2066 685 2071 ·

194 2107 367 2162 Fnsrmrosr.
403 2110 451 2162 Or.
465 2111 483 2161 1.
497 2113 539 2162 61.
566 2109 636 2179 quod
649 2125 699 2178 ego
712 2124 763 2162 non
776 2106 976 2176 tamfistidiosa
989 2112 1016 2163 in
1028 2126 1075 2164 oo·

156 2178 206 2237 bis,
220 2194 299 2247 quam
313 2181 340 2233 in
352 2181 525 2233 histrionibus
538 2181 656 2248 spectari
671 2183 745 2247 puto,
759 2181 785 2230 6.
796 2195 818 2230 6.
831 2179 861 2231 in
872 2178 1019 2247 rosacilius
1028 2183 1074 2234 bo-

155 2248 271 2300 minibus
280 2248 465 2317 satisfacimus,
475 2266 554 2316 66616
566 2250 714 2309 histriones,
728 2249 848 2313 aquibus
857 2250 917 2315 plus
930 2251 960 2302 in
971 2252 1019 2303 boc
1027 2267 1074 2317 ge·

154 2333 215 2369 nere
223 2317 377 2384 postulatur.
393 2321 457 2373 ibid.
466 2324 509 2372 26.
520 2318 661 2386 fastidiose
669 2318 803 2387 judicare.
816 2318 864 2371 Or.
876 2319 904 2370 ii.
914 2323 956 2371 89.
1007 2321 1072 2373 den·

156 2388 218 2445 tius.
233 2389 276 2439 vel
289 2389 408 2447 iuvitlus,
423 2392 467 2441 vel
483 2392 568 2441 etiarn
578 2386 750 2455 fastidiosius
770 2387 858 2439 lacere
879 2389 963 2456 aliqui
984 2427 990 2441 .
1004 2390 1070 2444 ibid.

155 2456 173 2507 l.
187 2459 230 2507 26.
243 2473 323 2524 quam
336 2457 481 2526 diligenter
493 2464 523 2510 et
536 2474 619 2523 prope
623 2455 764 2523 fastidiose
772 2455 933 2520 judicamus.

190 2525 377 2583 Fnsrrorosus,
398 2528 441 2577 cui
463 2542 517 2575 non
528 2525 614 2594 focile
637 2522 761 2587 satisfieri
771 2529 862 2585 potest.
899 2523 967 2576 Her.
981 2530 1070 2580 1623.

154 2594 260 2643 aurium
274 2591 611 2658 66666616611116611611666.
629 2592 646 2624 *
656 2594 807 2641 contemtor.
844 2590 922 2642 Brut.
937 2597 978 2644 10.
987 2592 1072 2661 fasti·

155 2662 242 2712 diones
255 2662 398 2713 latinarum
412 2663 562 2714 literarum.
1070 2706 1071 2709 .

184 2729 354 2790 Fussromn,
374 2731 481 2796 aliquid,
495 2731 691 2787 etiamrectum,
704 2727 898 2792 reprehendere,
910 2728 1070 2799 nibilfooile

151 2801 275 2919 gradare.
313 2799 428 2851 1111116.
448 2801 532 2853 etiam
551 2804 626 2852 recte
648 2794 893 2863 lactissostidiunt.
910 2800 962 2852 oid.
983 2800 1068 2854 Gran.

181 2870 217 2920 bs.
231 2868 265 2921 io.
279 2872 319 2921 10.

191 2939 213 2990 F
214 2955 285 2999 usur,
304 2937 507 2999 Kaleudorium,
528 2940 558 2991 in
578 2937 784 3006 pacinianum,
798 2937 843 3002 aui
862 2938 915 2990 dies
929 2937 1009 3005 susti,
1023 2949 1069 2994 aut

154 3006 259 3076 nudasti,
273 3011 333 3071 sint,
344 3008 525 3074 consignatum
534 3017 578 3061 est.
598 3009 704 3061 Murco.
720 3011 760 3058 11.
775 3012 866 3074 posset
877 3012 919 3077 agi
935 3011 994 3079 lege
1006 3027 1070 3064 neo·

153 3093 187 3131 ue
200 3081 278 3146 pauci
289 3080 569 3149 quondamscicbant3
579 3077 750 3146 fosioscnim
762 3079 901 3145 rulgouou
921 3081 1068 3135 habebant.

154 3148 170 3180 *
181 3150 298 3202 6666166.
335 3150 389 3202 Pis.
402 3153 443 3202 13.
462 3151 508 3200 hos
520 3151 650 3209 consules,
664 3162 716 3199 nou
728 3146 815 3198 dicam
828 3147 909 3199 animi
921 3151 1069 3212 bominum,

154 3218 201 3269 sed
213 3218 337 3286 ullifmti
350 3220 420 3273 ferre
433 3223 543 3287 possunt
557 3218 569 3270 1

190 3287 356 3349 Fuscianum,
374 3290 483 3357 proprie
492 3295 528 3340 est
536 3289 702 3355 templorum.
713 3286 765 3338 6111.
775 3286 901 3352 inprimis
918 3289 966 3341 Or.
977 3291 1015 3342 111.
1026 3291 1068 3347 lb.

152 3356 229 3416 unde,
242 3359 312 3409 inter
324 3365 408 3411 cetera
427 3359 584 3411 invidiosaa
601 3357 711 3409 Caesare
722 3363 856 3420 usurpata,
874 3358 955 3410 ctiam
966 3360 1071 3428 fastigi·

153 3440 200 3476 um
224 3435 394 3480 memoratur.
431 3428 544 3480 Philii.
562 3431 605 3480 43.
632 3426 751 3496 rs.Suet.
771 3425 846 3477 Caes.
864 3428 1067 3481 6161161611.

153 3492 205 3546 Sed
216 3495 341 3558 inprimis
353 3497 465 3549 Salmas.
479 3498 512 3549 od
526 3496 662 3564 Spartica.
675 3495 803 3549 Piscina.
816 3509 872 3562 cap.
887 3499 927 3548 12.
946 3496 1069 3563 661066-

153 3561 373 3631 rorissostigium
384 3569 462 3628 docet,
470 3568 560 3618 nonde
570 3574 635 3618 16616
643 3564 806 3631 capiendum,
820 3566 862 3617 sed
872 3567 901 3617 de
914 3575 1067 3621 6166166616

149 3634 219 3697 tacti,
231 3635 306 3709 quale
318 3635 396 3701 uulgo
408 3635 489 3691 etiam
500 3637 530 3691 in
540 3634 748 3707 tempiisfuerit.
768 3632 932 3690 Plutarchus
943 3656 1073 3719 agmone
