2567 4209
487 310 742 400 LATINtTA'rtS.
1043 325 1082 381 61

160 483 228 533 quae
239 464 532 533 maguamsurultatem
542 468 656 534 alicujus
664 470 705 521 rei
715 476 843 536 praestat.
861 470 971 523 Caecin.
984 474 1028 524 29.
1048 487 1092 527 me

162 554 199 589 ex
211 552 302 603 earnpo
314 538 460 604 aequitatis
473 535 507 588 ad
519 539 666 590 verborum
683 542 819 608 angustias
837 544 868 592 et
886 555 978 596 omues
999 544 1092 595 litera·

162 623 224 659 rum
237 608 344 675 angarios
358 621 476 666 revocas,
489 611 545 659 etc.
720 643 722 647 .

197 675 351 728 Cenaeum.
390 674 469 728 Verr.
485 678 523 727 iu.
537 678 580 727 ts.
601 679 726 730 camellos
742 679 824 730 alicui
838 679 1014 741 circumdare,
1027 682 1091 734 dici-

161 760 232 805 mur‚
258 761 319 796 cum
335 760 473 806 cavemus,
485 761 518 796 ne
543 745 601 811 puis
623 763 676 813 pro
700 748 809 799 libidine
821 747 985 814 malefacere
1000 754 1090 815 possit,

163 815 237 865 ducta
250 814 354 866 dicendi
362 814 466 865 ratione
479 829 496 864 a
508 816 605 875 hestiis,
616 818 710 881 quihus
722 818 831 868 caucelli
843 818 1046 879 circumdantur,
1059 836 1091 872 ue

162 883 285 949 effmere,
299 891 344 935 aut
356 899 449 936 uacare
458 884 582 950 cuiquam
591 887 702 951 possint.
739 886 755 919 *
768 887 844 938 Sext.
857 890 900 939 58.
910 888 1017 940 cancelli
1029 888 1089 942 sori.

161 961 239 1019 septo.
253 954 306 1005 oid.
319 953 432 1004 Salmas.
446 954 480 1004 ad
492 953 563 1005 Hist.
578 954 653 1019 Aug.
670 954 704 1007 Τ.
718 954 749 1007 ii.
760 971 789 1022 p.
803 958 846 1008 00.

197 1022 440 1074 Cannineroams.
482 1023 540 1074 Ast.
551 1025 569 1074 i.
585 1028 608 1076 1.

198 1092 403 1144 Cancruonsn.
441 1089 520 1144 Verr.
533 1094 570 1145 iv.
579 1096 605 1145 3.
624 1100 722 1146 statuae
733 1094 873 1162 referentes
885 1096 995 1162 spectem
1005 1098 1090 1162 uirgi-

153 1176 230 1213 uum
241 1162 401 1213 sacerdotum
413 1159 525 1221 Cereris,
539 1178 603 1227 quae
612 1163 642 1216 iu
650 1164 807 1217 solemnibus
815 1163 919 1217 Cereris
931 1166 993 1217 hirta
1005 1168 1089 1220 conu-

162 1237 207 1282 tra
216 1228 354 1296 serebant,
366 1236 389 1281 et
409 1230 466 1282 inde
479 1230 647 1298 Canephoroe
659 1233 819 1286 dicebantur.
831 1235 883 1285 oid
902 1234 1042 1300 Spauhem.
1056 1236 1091 1288 ad

161 1298 318 1352 Calliameh.
332 1299 425 1369 Hpam
446 1301 476 1351 in
487 1299 576 1353 Cerer.

195 1368 331 1422 Csunsoo.
369 1368 431 1422 Per.
448 1372 470 1422 2.
492 1386 553 1422 crim
566 1374 653 1424 oratio
669 1375 728 1440 jam
748 1379 899 1434 canesceret,
919 1376 1087 1444 haberetque

158 1454 237 1499 suam
249 1439 381 1507 quandam
394 1443 581 1493 maturitatem
593 1448 623 1493 et
635 1446 709 1510 quasi
722 1448 900 1496 senectutem.

196 1508 294 1560 Cunus.
324 1511 430 1560 osseam.
461 1512 522 1562 Ast.
536 1512 573 1562 ri.
587 1514 613 1563 3.
633 1512 721 1564 Clodii
734 1513 814 1564 cauis.
842 1514 1017 1584 *dehomiue
1037 1516 1083 1579 aui

162 1578 198 1629 ad
208 1578 397 1644 investigandas
409 1585 434 1630 et
446 1579 588 1633 adorandas
598 1597 639 1631 res
652 1584 796 1634 adhibetur.
824 1582 903 1634 Verr.
918 1586 937 1634 i.
947 1587 988 1635 48.
997 1584 1085 1637 multa

156 1648 271 1700 ⁴stertitur
283 1651 336 1700 suis
348 1664 413 1715 opus
423 1665 492 1708 esse,
507 1666 572 1717 quos
585 1652 658 1702 circa
667 1668 696 1702 se
708 1654 831 1704 haberet.
844 1659 899 1704 cte.
922 1687 925 1694 -

157 1763 162 1770 .
197 1715 286 1770 Cana.
316 1717 394 1770 Verr.
408 1719 559 1787 i.20.Agr.
575 1722 603 1770 ii.
616 1722 660 1771 20.
674 1723 745 1771 intus
758 1737 857 1771 canere.
874 1721 1043 1784 prouerbium
1055 1721 1086 1772 trs

154 1803 212 1847 eos,
226 1788 273 1852 qui
284 1788 376 1838 omniu
387 1788 421 1839 ad
431 1804 507 1840 suam
518 1790 661 1840 utilitatem
672 1786 789 1854 efferunt
803 1809 811 1837 :
823 1789 899 1838 ducta
907 1789 1008 1839 dicendi
1015 1790 1085 1841 ratio

162 1872 182 1907 a
192 1863 278 1907 statua
289 1856 410 1922 meadum,
424 1857 574 1909 citharistae
586 1858 698 1923 speciem
710 1859 850 1917 eahihmtr,
870 1857 917 1922 qui
930 1857 999 1908 intus
1011 1873 1086 1909 caue·

160 1932 215 1984 atet,
228 1926 274 1977 hoc
287 1933 322 1977 est
341 1942 394 1978 rou
416 1927 507 1978 deutra
529 1942 611 1979 manu
623 1933 748 1984 uteretur.
767 1933 793 1978 et
813 1928 844 1976 ah
865 1926 989 1976 auteriori
1008 1932 1086 1992 parte

165 1994 275 2046 chordas
284 1996 381 2061 plectro
391 2003 543 2062 percuteret,
557 1996 600 2049 sed
611 1996 829 2046 sinistratantum
837 1996 868 2046 ah
876 1995 999 2047 interiori
1007 2000 1084 2061 parte

158 2064 271 2116 eleardus
294 2072 419 2131 comeret,
443 2073 517 2131 atque
541 2067 580 2116 ita
602 2070 685 2115 totam
705 2066 851 2116 cantionem
869 2064 1012 2130 perficeret.
1031 2061 1084 2116 vid.

162 2132 261 2186 Asson.
273 2134 400 2190 adVerr.
413 2136 433 2185 i.
443 2139 486 2187 20.
499 2142 524 2184 et
538 2133 613 2186 Voss.
626 2133 763 2185 adCatull.
774 2150 802 2200 p.
818 2139 876 2185 itt.
889 2135 935 2185 uhi
946 2134 1084 2199 explicatio

162 2204 213 2255 loci
225 2202 394 2255 ciceroniani
404 2202 516 2267 offertur
527 2219 557 2255 er
569 2203 674 2254 ineditis
695 2203 813 2258 Vulcatii
834 2203 965 2257 Gaditani
982 2204 1086 2269 capasi-

108 2303 112 2312 ·
161 2273 318 2324 tianihusin
333 2271 362 2323 V
359 2273 471 2332 arrium.

196 2342 371 2399 Genusium,
382 2357 463 2405 genas
474 2342 567 2394 insecti
578 2342 696 2395 venenati
707 2350 731 2395 et
750 2341 894 2411 mortiferi.
913 2343 946 2395 ad
967 2342 1030 2395 Div.
1044 2346 1082 2395 ix.

162 2412 206 2463 21.
232 2412 263 2463 C.
276 2411 372 2470 Carbo,
385 2416 528 2463 accusante
543 2412 571 2462 L.
581 2411 685 2471 Crasso,
695 2413 868 2464 Canthus-idas
880 2416 1004 2464 sumsisse
1017 2412 1084 2463 dici·

160 2486 215 2533 tur.
251 2480 332 2534 Tusa.
352 2497 379 2531 v.
399 2483 441 2532 40.
461 2485 577 2532 mortem
597 2484 743 2542 minitanti,
769 2497 892 2549 maguum
912 2497 986 2542 vero,
1001 2480 1084 2548 dixit,
1115 2522 1120 2536 .

162 2550 284 2608 effecisti.
298 2551 321 2600 si
334 2549 493 2601 cantharidis
506 2565 560 2600 vim
573 2551 700 2602 habuisti.

196 2618 392 2674 Csnrnnums.
430 2617 496 2669 Nat.
510 2617 544 2668 D.
558 2621 597 2670 iii.
611 2620 636 2669 5.
657 2619 690 2669 ad
703 2618 765 2669 Dir.
779 2620 816 2669 ix.
831 2622 872 2669 18.

169 2721 173 2726 ·
197 2686 359 2740 Cunarcnn.
378 2688 412 2739 ad
427 2686 489 2739 Div.
502 2690 540 2739 ix.
550 2689 592 2739 22.
606 2688 829 2739 iusti-cauticum
865 2686 916 2739 Est
927 2687 997 2738 locas
1008 2703 1021 2738 e
1033 2685 1084 2741 Co·

160 2757 262 2810 snaedia
272 2764 318 2807 aut
326 2757 469 2821 tragoedia.
480 2756 533 2807 oid.
547 2754 702 2822 Interpretes
710 2757 744 2807 ad
759 2758 786 2807 lt.
800 2757 818 2807 l.
831 2763 855 2808 et
867 2758 897 2808 iu
908 2756 1018 2809 Cantor.

197 2825 375 2878 Csnmnnus.
391 2826 420 2877 de
444 2825 590 2877 notissimis
609 2832 634 2876 et
657 2828 747 2878 crebra
763 2829 896 2892 usurpatis
916 2827 1082 2892 obsoletismoe

163 2896 246 2955 diuis,
254 2896 379 2954 uersibus,
391 2895 543 2960 praeceptis,
557 2898 611 2947 etc.
648 2895 696 2947 Or.
708 2896 726 2945 i.
738 2898 782 2946 23.
795 2900 923 2949 comitere
934 2912 950 2948 e
963 2898 1084 2955 scholis:

163 2964 197 3016 de
208 2964 321 3028 sumatis
344 2966 480 3016 rhetorum
489 2964 643 3029 praeceptis.
680 2966 741 3015 Att.
755 2965 773 3014 i.
792 2967 832 3014 19.
851 2971 882 3018 ut
900 2966 995 3016 crebro
1014 2964 1083 3017 mihi

163 3036 311 3089 insusurret
326 3032 501 3101 Epicharmus
510 3033 667 3085 cantilenam
677 3033 750 3084 iliam
762 3047 836 3084 suam
847 3052 903 3099 aar,
913 3038 968 3085 etc.
981 3033 1033 3083 *de
1041 3048 1081 3093 re.

163 3100 344 3167 praeformat
355 3103 517 3154 serrnonihus
529 3102 668 3154 heminam
673 3102 799 3166 jactatur.
808 3099 899 3165 saura.
918 3100 950 3153 ad
963 3101 1025 3153 mv.
1042 3102 1081 3153 xi.
1152 3119 1156 3124 ’

155 3173 206 3226 20.
241 3169 330 3223 Crede
343 3172 418 3228 mihi.
435 3175 521 3224 totam
529 3175 614 3224 istam
625 3172 783 3223 cantilenam
801 3186 836 3223 ex
848 3173 898 3224 hoc
910 3171 1036 3238 pendae,
1049 3173 1083 3223 ut

156 3255 243 3307 qaam
255 3240 401 3307 plurimum
413 3240 602 3293 lucrifaciant.

196 3307 316 3372 Carrio,
325 3309 477 3361 incantatio.
515 3308 590 3361 Brut.
604 3313 647 3361 60.
667 3311 747 3378 idque
759 3310 894 3363 veneficiis
906 3313 937 3361 et
954 3308 1085 3362 coutimi-

161 3377 209 3429 hus
219 3376 360 3431 Titinniae
373 3377 474 3430 sactum
485 3393 544 3430 asse
556 3379 674 3431 dicebat.

196 3444 324 3507 Cauros,
354 3446 457 3499 histria.
489 3446 564 3499 Sext.
578 3450 620 3498 55.
634 3456 770 3500 cantamen
781 3450 910 3502 convicia.
946 3448 1027 3500 nuso.
1040 3449 1081 3502 iil.

161 3516 205 3565 ts.
224 3521 341 3567 cantores
354 3514 538 3582 Euphorionis.
559 3532 609 3581 auo
620 3517 675 3568 loco
687 3517 767 3568 etiam
779 3518 982 3583 iruerpretaatar
993 3517 1084 3570 lauda·

150 3589 240 3640 trees.
253 3584 306 3636 oid.
320 3582 434 3636 Salmas.
455 3584 489 3637 ad
510 3582 583 3639 Har.
607 3583 682 3648 Aug.
698 3583 733 3637 Τ.
753 3584 786 3636 ii.
803 3588 906 3656 14433.
918 3588 977 3641 842.
995 3586 1082 3643 *him

187 3669 312 3726 „mnam
329 3673 400 3716 rou.
422 3674 443 3715 ι.
654 3658 680 3718 ,0
702 3731 704 3734 ¹
