2567 4209
88 309 94 328 ,
195 258 235 321 19
656 259 776 318 INDEX

203 459 206 466 .
225 417 378 473 Annaeus.
390 420 469 475 ane.
481 421 557 475 Com.
572 426 613 474 14.
626 421 740 473 addictus
751 425 812 473 erat
823 419 873 471 tihi
884 419 910 469 h.
931 433 957 470 e.
970 416 1121 468 condemne-

190 489 240 548 tur,
252 495 283 540 ut
293 490 343 542 tihi
354 493 460 545 eoloeret
468 487 609 558 pecuniario
620 506 701 556 urum
717 491 840 556 petierat.
853 488 943 540 Flacc.
955 490 999 540 20.
1012 501 1073 536 oum
1081 486 1124 551 ju·

191 552 311 610 dicatum
323 573 375 614 nou
387 562 499 621 feceret,
512 562 626 613 addictur
638 560 792 627 Hermippo
803 564 833 611 et
845 560 879 611 ab
891 560 941 611 hoe
961 557 1057 608 ductus
1069 555 1121 634 est.

190 625 225 676 55
237 626 299 679 Dia.
312 632 360 682 vii.
372 633 415 682 24.
432 631 546 698 addidet
559 630 748 697 Hipponacteo
760 631 910 696 praeconio,
924 630 985 678 h.e.
995 623 1123 703 infamiae

190 696 307 749 addictos
318 701 477 766 traditurque
494 706 538 761 eet,
552 698 630 751 Coloe
642 699 717 763 quari
733 712 869 764 praecone,
891 712 968 762 eoque
987 691 1121 761 ejusmodi.

190 766 275 829 quatis
293 766 439 834 Hipponem
448 767 519 833 fuit,
541 769 586 834 qui
605 768 786 819 Anthrmmn
804 773 828 818 et
853 765 988 831 Bapaturn
1007 762 1122 815 uersihm

190 835 245 886 ruit
263 834 391 904 infamiae
413 839 528 890 tradidit.
551 838 628 890 Vera.
651 841 680 890 ii.
701 839 745 888 32.
766 839 855 903 pretio
875 835 1004 886 addietum
1023 834 1123 884 habere

190 902 279 957 fidem.
293 909 311 957 i.
324 923 349 958 e.
363 913 515 973 corruptam
531 923 590 958 eree.
604 906 675 957 Phil.
695 908 723 958 ii.
744 908 788 957 21.
802 904 914 957 venditu
926 911 1009 973 atque
1021 901 1121 953 addida

192 978 338 1027 uenientia.

226 1043 376 1095 Aaaacuao.
390 1045 453 1098 Act.
468 1047 486 1096 i.
511 1047 538 1097 in
548 1044 628 1098 Verr.
642 1050 667 1096 4.
681 1044 792 1096 addictio
804 1046 949 1102 bonorum
969 1056 1029 1093 carn
1040 1038 1122 1106 judex

189 1113 299 1178 petitori
309 1111 365 1178 ejm
375 1114 443 1165 hona
450 1114 604 1179 possidenda
615 1114 704 1173 tradit,
716 1115 783 1165 ande
796 1114 905 1178 petitur.

199 1205 203 1213 ·
225 1181 388 1233 Aunaoann.
399 1185 441 1235 rei
451 1183 576 1236 dicuntur
587 1184 678 1234 adduci
690 1199 727 1235 sc.
740 1186 767 1234 in
775 1183 916 1250 judicium.
938 1198 964 1233 v.
977 1182 1041 1233 Act.
1055 1181 1073 1231 i.
1094 1179 1122 1229 ia

191 1246 270 1301 Verr.
290 1254 316 1302 2.
335 1251 439 1305 *Vero
459 1256 498 1304 iii.
521 1256 563 1303 61.
583 1254 675 1304 adduci
686 1255 714 1304 iu
738 1268 888 1305 sermonem
900 1258 931 1303 et
945 1248 1121 1316 vituperatio·

192 1334 264 1371 aem.
285 1320 339 1372 *de
349 1336 414 1373 arce
425 1337 485 1373 eum
496 1323 648 1381 intenditur,
662 1322 752 1374 Diria.
766 1325 785 1373 i.
807 1325 849 1373 54.
873 1323 936 1373 item
948 1323 1033 1373 eodem
1045 1315 1122 1368 rawdo

193 1388 222 1440 de
234 1390 370 1441 torateotir
381 1397 406 1442 et
417 1391 535 1443 hedistii.
548 1390 629 1443 Taso.
644 1394 673 1443 ii.
686 1394 730 1444 24.
975 1439 978 1443 .
1078 1456 1085 1468 ·

227 1459 435 1511 Annumwut.
448 1460 500 1513 Off.
514 1464 533 1512 i.
550 1462 594 1513 24.
611 1477 655 1514 res
667 1462 833 1514 addahdata:
849 1476 900 1527 pro
912 1461 1010 1512 ineerta
1022 1458 1120 1515 hairda,

193 1532 219 1577 et
227 1535 365 1593 propterea
376 1530 480 1582 55555.

228 1597 318 1649 Anao.
331 1597 394 1651 Seu.
406 1615 434 1666 p.
447 1599 515 1652 Red.
529 1603 555 1651 9.
569 1604 595 1652 in
606 1603 650 1668 jus
661 1602 744 1653 adire.

229 1667 317 1718 douo.
330 1667 387 1720 ado.
399 1684 448 1735 pro
459 1669 564 1721 scilicet.
578 1670 610 1721 55
624 1669 687 1722 Div.
700 1673 759 1723 viii.
779 1672 820 1722 15.
837 1671 908 1731 adeo,
921 1667 991 1738 quod
1005 1667 1124 1719 Inteme-

194 1735 224 1786 lii
237 1737 264 1787 iu
276 1738 357 1789 551515
369 1741 440 1791 sunt.

202 1841 206 1847 -
227 1805 330 1857 Auum.
342 1805 426 1858 Cassii
438 1807 514 1873 adeps
525 1807 586 1861 Cat.
599 1810 639 1861 iii.
653 1813 678 1861 7.
690 1810 720 1861 de
728 1810 834 1862 homine
846 1809 921 1861 mclii
932 1814 956 1861 et
967 1808 1070 1873 ignava.

193 1874 343 1995 ²bdudaasnaa.
364 1875 460 1933 Quint.
481 1879 523 1929 12.
552 1878 628 1930 adero
655 1882 778 1946 pecunia,
806 1884 955 1932 coruumta:
983 1874 1124 1943 opponitur

229 1958 264 1995 un
317 1946 350 1997 ti.

229 2012 399 2066 55555555.
411 2015 446 2066 55
458 2014 521 2069 Div.
533 2017 592 2069 viii.
606 2020 632 2068 6.
650 2020 678 2070 iu
690 2019 764 2070 incili
776 2020 867 2070 omnia
877 2018 1054 2069 adhaeserunt.
1068 2012 1123 2065 vid.

193 2078 285 2133 Incite.
297 2080 314 2115 *
324 2081 414 2136 Vatia.
427 2085 452 2135 5.
466 2089 603 2139 exuemus
615 2088 748 2141 adhaesit:
765 2088 811 2139 cie
821 2087 930 2139 ultimae
942 2078 1125 2151 5555555155-

230 2220 467 2276 mactantem.
488 2224 536 2278 Or.
550 2228 569 2278 i.
586 2228 630 2279 25.
643 2226 821 2279 adhaerescere
829 2227 963 2294 justitiae.
981 2222 1125 2274 *adhaere
1187 2259 1192 2266 .

194 2304 263 2341 eoere
274 2289 404 2353 55555155,
417 2309 481 2359 qaae
492 2295 548 2348 aim
559 2312 618 2348 eum
629 2297 730 2356 haheat,
740 2311 820 2361 queam
831 2295 977 2346 volebamus
988 2313 994 2343 :
1008 2298 1125 2344 5551555

191 2372 273 2423 gemit
284 2357 416 2424 ascriho
421 2361 501 2430 jactis
513 2365 543 2416 ia
552 2367 637 2426 arbee,
650 2366 822 2423 munimenta,
836 2364 906 2425 item,
919 2378 936 2413 u
947 2364 1014 2414 telis.
1027 2361 1075 2413 Or.
1093 2362 1122 2412 ii.

194 2429 238 2479 6³⁴.
250 2429 408 2483 adhaerescit
430 2441 626 2502 argumentum.
648 2434 684 2486 cf.
705 2434 784 2486 Dum.
796 2436 840 2485 24.
860 2436 886 2484 5.
906 2433 1015 2484 *oratio
1027 2430 1124 2481 dici'tar

194 2497 381 2561 adhaerescere,
405 2498 458 2571 (ati
469 2517 545 2568 aqua,
557 2519 618 2556 ecem
635 2504 667 2555 io
677 2502 795 2567 flumine
808 2504 842 2554 ad
860 2517 953 2554 curum
973 2507 1019 2551 aut
1041 2500 1124 2550 aliern

195 2566 317 2633 injectam
327 2583 385 2620 reru
396 2568 524 2643 offendit)
539 2588 600 2624 555
618 2587 711 2638 aspero
722 2578 767 2632 est,
788 2573 885 2632 hiulco,
905 2587 959 2622 555
971 2567 1124 2631 territerflu·

194 2650 248 2688 eree.
267 2636 346 2690 Brut.
360 2641 402 2690 79.
421 2641 465 2693 96.
485 2641 600 2695 *orator
618 2648 706 2694 aretem
722 2642 888 2702 adhaerescit,
900 2656 960 2693 oum
971 2641 1125 2704 linguanae

194 2711 231 2758 eet
242 2707 305 2759 rotie
316 2708 400 2761 eohita
410 2716 435 2762 et
454 2710 571 2763 incitate.
589 2710 669 2764 Brut.
682 2714 725 2763 99.
738 2711 754 2745 *
761 2712 792 2763 io
803 2713 932 2763 memoria
943 2725 1057 2762 manere.
1075 2706 1123 2759 Or.

192 2777 213 2827 i.
235 2778 277 2827 61.
298 2774 414 2830 fastidiis
425 2780 617 2832 adhaerescunt.
638 2781 692 2833 *de
704 2781 748 2840 iis,
762 2783 808 2847 qai
819 2782 853 2833 ad
871 2782 985 2846 aiimrern
996 2780 1125 2831 doctorem

195 2860 221 2895 ee
233 2845 272 2896 ito
283 2844 429 2914 wrffemnt,
453 2855 483 2900 ut
494 2850 525 2901 io
537 2850 657 2904 5555555
678 2857 820 2915 sequuntur
842 2866 911 2901 eum.
932 2847 1017 2899 5555.
1040 2850 1077 2898 iv.
1097 2850 1124 2898 9.

192 2912 210 2948 '¹'
218 2915 361 2976 convenire,
374 2924 572 2970 5555555555
583 2935 644 2971 esre.
663 2919 712 2972 Or.
725 2919 765 2971 iii.
777 2922 817 2970 10.
831 2934 882 2971 aon
894 2918 927 2969 ad
946 2917 973 2968 id
985 2916 1124 2984 geuusad·

193 2984 328 3036 haurivit.
340 2985 355 3019 *
365 2984 441 3040 Sext.
455 2990 480 3039 6.
495 2989 674 3040 adhaerescere
686 2988 719 3040 55
731 2987 897 3039 Columnam.
910 3002 937 3037 v.
950 2984 1088 3037 Catamitu.

229 3053 456 3108 Aauauuaaaao.
469 3056 529 3108 ltin.
543 3060 561 3109 i.
575 3060 600 3108 6.
614 3057 825 3109 adhaesitationes
837 3062 996 3108 atomorum.

228 3123 372 3177 Aumaao.
385 3126 504 3192 eiiiptiee‚
516 3133 546 3177 at
557 3126 640 3179 ieteit.
653 3126 683 3175 ia
691 3125 838 3185 cooedium,
852 3125 922 3177 Pau.
935 3141 962 3177 v.
975 3128 1001 3175 9.
1014 3124 1048 3176 55
1060 3125 1122 3177 Dia.

194 3192 233 3244 xi.
247 3196 271 3244 7.
284 3191 342 3245 *55
354 3193 408 3251 Qu.
422 3194 467 3247 Fr.
481 3196 500 3245 i.
514 3198 539 3245 1.
552 3200 577 3246 7.
590 3196 629 3245 sic
642 3210 671 3246 se
683 3194 805 3246 adhihere
816 3197 844 3246 iu
854 3199 934 3246 tauta
945 3199 1090 3262 potestate,
1104 3198 1124 3245 i.

194 3276 221 3313 e.
231 3276 331 3326 gerere.
344 3262 476 3316 *cluent
489 3265 531 3315 52.
548 3263 667 3316 adhiberi
679 3262 713 3316 55
725 3263 797 3346 leges
809 3265 933 3316 duamur
946 3265 1053 3330 patroni
1065 3278 1125 3313 eoa·

194 3344 302 3451 itti.
315 3334 616 3455 trithemii
627 3330 1125 3470 iffittifthtttttitth

189 3467 320 3536 jadhcre.
332 3469 348 3503 *
385 3476 423 3523 at.
437 3470 470 3523 Ι).
484 3474 503 3524 i.
515 3475 542 3525 2.
558 3472 617 3526 Diis
629 3474 741 3532 cultum,
766 3489 861 3540 preces
872 3472 1002 3525 adhihere.
1015 3470 1050 3526 ad
1062 3471 1125 3525 niv.

196 3537 255 3597 xiii.
268 3539 294 3590 6.
306 3539 429 3603 officium,
442 3541 513 3610 quod
524 3543 626 3598 adhibet
638 3558 704 3613 erge
715 3543 783 3598 tuos.
1078 3578 1081 3588 ν
