2567 4209
221 332 284 395 276
468 396 476 417 ι
505 292 511 297 ’
623 323 742 380 6666666

220 484 320 538 riorum
338 483 432 549 666666
452 483 621 535 cohibendum
644 490 748 549 pretore.
800 480 923 534 1166666
940 481 1095 548 prolusione
1117 496 1141 536 6.

223 559 298 607 1737.
308 554 384 613 edito,
397 569 448 618 pua
461 553 547 606 666666
559 554 625 605 locos
645 553 675 604 66
688 553 764 605 libris
780 552 810 603 de
822 551 888 604 Not.
902 550 941 603 D.
952 554 1144 606 eneendonimus

221 631 245 677 66
256 624 456 676 illustravimus

256 692 433 752 1666666666,
453 692 577 744 66666666.
606 690 688 743 Tusc.
698 708 724 743 r
733 693 777 743 26.
805 691 946 744 inscribere
969 693 1022 743 sibi
1047 707 1144 745 nomen

240 764 326 815 lilioso
346 764 383 813 hi

221 779 419 888 presciens.
450 830 556 890 instare,
569 845 674 894 urgere
701 829 782 882 Font.
797 834 821 881 1.
840 830 952 881 insector
964 831 1044 887 ultro
1058 833 1144 898 atque

221 901 292 954 66666
304 902 470 958 muratori
490 899 610 960 innector,
625 904 743 968 inquam,
763 904 794 951 el
813 900 905 968 flagito
925 904 1020 951 666666.
1057 898 1103 952 Sir
1119 907 1145 952 et

221 971 313 1023 Plano.
330 972 370 1021 19.

254 1040 433 1098 1666666666,
452 1052 505 1089 non
522 1039 657 1103 sepultus.
654 1057 659 1069 ·
677 1036 748 1089 Phil.
762 1040 781 1089 i.
794 1041 820 1090 2.
839 1038 885 1105 qui
898 1038 973 1089 611666
986 1037 1144 1121 insepultum

221 1111 387 1176 sepulturam
405 1109 571 1159 6616666666.
602 1110 630 1159 lo.
644 1123 670 1159 6.
690 1108 737 1172 qui
756 1106 895 1159 Caesonem
915 1107 1079 1188 sepelierant,
1096 1107 1144 1172 qni

220 1178 377 1244 sepeliendus
388 1191 442 1227 non
453 1182 518 1236 6666,
535 1183 575 1239 66,
595 1176 719 1242 opinione
730 1178 878 1237 6666666666,
892 1182 916 1227 66
933 1176 1004 1241 jore,
1018 1176 1087 1227 66666
1099 1177 1141 1237 sit,

221 1246 410 1311 consepultus
421 1251 553 1296 nonesset
589 1243 689 1296 Contro
698 1260 749 1309 pro
762 1247 882 1313 sepultus
895 1250 931 1297 est
948 1244 1019 1297 Phil.
1029 1248 1084 1298 xiv.
1100 1249 1141 1301 12.

220 1321 312 1368 restra
337 1316 420 1366 virtus
440 1329 490 1364 nee
510 1313 650 1365 oblivione
670 1329 773 1374 eorum,
787 1316 997 1382 66166666666,
1011 1331 1062 1367 nec
1074 1317 1144 1367 reti·

219 1384 311 1437 6666666
322 1387 491 1450 posterorum
502 1381 631 1449 insepulto
638 1398 701 1435 6666
714 1386 848 1452 poterit‘
841 1400 859 1435 6.
869 1401 894 1438 6.
904 1398 991 1436 cerere
1012 1385 1138 1450 sepulcro,

220 1458 396 1506 monumento.
409 1468 434 1503 6
447 1457 501 1503 not.

253 1522 380 1583 lusson,
398 1520 517 1586 objicere,
531 1523 699 1588 exprobrare.
719 1523 785 1576 Sull.
798 1525 841 1574 29.
868 1522 970 1587 insequi
994 1522 1145 1589 turpitudi·

220 1609 283 1649 nem
294 1593 378 1645 ritae.
413 1590 429 1622 *
438 1590 486 1642 06.
500 1592 530 1642 66.
542 1594 568 1642 3.
588 1607 638 1645 nee
651 1607 716 1643 vero
727 1598 757 1645 66
767 1593 909 1645 rhetoricis
922 1592 997 1644 libris
1010 1593 1143 1658 insequor,
1177 1648 1179 1651 ,

220 1668 252 1716 666
263 1661 391 1714 erudiam.
411 1658 462 1710 *N
465 1697 471 1709 .
486 1658 519 1710 1).
529 1660 568 1712 666.
578 1666 619 1713 17.
638 1676 742 1725 urgere,
755 1663 863 1713 instare.
1039 1681 1044 1685 ⁴

254 1732 396 1783 1666666666.
428 1728 518 1796 Dejot.
528 1733 552 1780 3
579 1730 672 1782 fiotum
689 1731 793 1783 crimen
807 1731 900 1782 insidet
912 1731 938 1782 in
951 1731 1059 1782 animo:
1079 1732 1106 1782 6.
1117 1746 1141 1781 6.

221 1802 343 1853 creditor.
363 1798 445 1851 Tusc.
459 1800 488 1849 ii.
501 1803 527 1849 4.
545 1799 642 1851 insidet
660 1801 688 1851 in
699 1802 788 1851 66666666
799 1801 906 1852 oratio·
926 1802 952 1852 6.
967 1801 1145 1852 concludet

220 1872 251 1922 in
262 1869 392 1921 66666666.
416 1868 587 1919 6666666666
606 1869 713 1928 rustice,
738 1871 846 1921 arbores
869 1870 993 1920 dicuntur
1015 1869 1142 1930 insidere,

220 1938 387 1991 cumrodices
398 1943 488 2001 ogone,
499 1937 661 1990 etrodicious
670 1939 809 1990 6666666666
820 1944 915 2029 terroe,
927 1945 957 1990 66
966 1938 1068 2004 firmae
1080 1953 1144 1990 con-

219 2010 320 2060 sistunt.

254 2078 377 2134 1666666666,
397 2074 542 2126 criterium.
569 2074 680 2127 Acadss
672 2093 708 2127 rr.
724 2081 764 2128 11.
795 2072 898 2141 insigne
917 2080 984 2129 reri.
1008 2077 1056 2128 06.
1071 2079 1141 2128 669.

218 2147 337 2209 66666666
345 2145 488 2196 verborum
497 2149 527 2196 et
535 2148 741 2205 sententiarum
749 2153 809 2197 sunt
817 2146 919 2197 16666666
927 2147 1054 2198 orationis
1055 2148 1143 2213 ‚tropi

219 2223 244 2267 66
273 2228 366 2277 pennos

245 2215 965 2347 1666666666,6661116.666.116666666666666166616666.

254 2352 409 2403 1666666666.
445 2350 541 2403 Oret·
534 2353 563 2403 ri
573 2354 616 2403 35.
634 2353 760 2417 insignite
784 2353 1140 2421 dispensationem.

219 2421 345 2485 insignite
358 2421 503 2486 improbus.

254 2491 423 2548 lnsmurrus,
439 2490 600 2569 perspicuus,
614 2490 709 2542 clarus
728 2490 811 2543 niv:
804 2507 823 2543 6.
840 2494 911 2543 30.·
904 2508 931 2544 66
948 2492 1067 2560 quibus'
1056 2492 1142 2558 eresig

218 2562 289 2614 666666
301 2566 383 2612 notae
395 2560 519 2611 veritatis
531 2564 673 2627 apparent.

255 2631 416 2682 1666666666.
452 2628 522 2680 Phil.
532 2646 558 2681 6.
571 2633 596 2681 3.
615 2630 692 2680 eccui
705 2633 824 2695 potestas
837 2631 864 2680 in
881 2629 966 2681 sorum
984 2630 1140 2682 insinuandi

219 2701 292 2752 fuit·
311 2700 338 2749 h
351 2714 377 2748 6.
389 2696 516 2756 veniendi,
529 2713 589 2749 6666
604 2697 816 2762 oditnssepsisset
834 2699 976 2750 Antonius.
991 2715 1016 2750 v.
1030 2698 1139 2761 Monet.

218 2771 289 2821 6616.
300 2768 318 2818 6.
331 2765 468 2817 6166666666
477 2781 634 2831 pronomine
647 2783 684 2827 se
695 2773 718 2817 et
731 2766 825 2819 06666
838 2767 983 2820 odVerrfi'
966 2771 1005 2820 666
1015 2771 1059 2819 63.

254 2837 427 2888 1666666666.
443 2849 508 2901 pars
524 2842 569 2886 ont
585 2851 669 2900 genus
689 2836 799 2888 erordii.
829 2836 980 2917 Herenni.
994 2842 1019 2888 4.
1033 2840 1057 2888 6.
1078 2837 1138 2890 lor.

155 2907 295 2959 ’1.1.7

253 2975 409 3031 insnum,
436 2971 586 3025 immorari.
614 2973 747 3026 17666666.
757 2980 800 3026 47.
819 2976 940 3027 insistere
952 2975 1062 3043 66666166
1074 2991 1140 3042 pec

218 3049 341 3098 eatorum
353 3040 486 3111 gradibus,
497 3058 547 3107 pro
568 3043 714 3093 consistere
751 3045 810 3095 Fiu.
824 3062 850 3096 r
862 3047 906 3096 25.
933 3061 994 3096 curn
1016 3048 1139 3127 paullum

218 3113 362 3167 6666666666.
381 3111 396 3142 *
409 3111 576 3162 constitutum
592 3127 653 3162 esse.
681 3111 757 3163 Sext.
771 3116 814 3164 67.
834 3129 862 3165 666
874 3117 952 3164 tanta
962 3114 1140 3182 6166666666·-

216 3189 303 3236 tentes.
323 3179 390 3233 06.·
383 3179 422 3230 sii.
436 3183 477 3229 41.
504 3180 642 3231 insistere
630 3197 695 3248 Jugo
708 3198 835 3247 imperis
856 3183 1066 3233 6666666666
1055 3198 1139 3246 corpe

217 3268 256 3304 rec
267 3257 369 3302 tenere
387 3247 533 3312 odonreges
543 3254 659 3299 66666666
671 3256 715 3299 es
743 3252 758 3282 *
769 3250 866 3315 fungi.
896 3252 964 3302 06.·
958 3253 996 3303 666
1010 3253 1053 3301 45.
1072 3268 1139 3318 quo-

217 3337 280 3375 nam
293 3318 371 3370 modo
384 3319 490 3368 tantum
510 3332 603 3368 66666666
625 3318 783 3370 insistemus.
802 3319 902 3370 *06.·
884 3321 924 3370 666.
934 3322 975 3370 49.
993 3321 1139 3371 oratioin

216 3391 285 3442 sistit
297 3387 426 3440 interius:
445 3401 490 3450 op.
500 3401 559 3436 6666
568 3386 688 3450 periodos
698 3388 788 3451 plenus
800 3405 853 3438 non
870 3390 952 3448 66666,
965 3403 1045 3452 neque
1059 3405 1139 3439 aures

215 3459 317 3523 implet.
336 3456 383 3507 06.
401 3456 442 3506 51.
462 3453 526 3521 quid
538 3458 580 3505 est
592 3470 640 3505 6666
657 3456 782 3508 claudere
795 3461 842 3508 666
855 3457 972 3508 insistere
984 3458 1140 3509 orationem

215 3530 320 3586 malint,
334 3539 413 3592 quam
426 3538 487 3574 cum
500 3526 636 3574 sententia
656 3526 762 3589 pariter
779 3541 934 3578 6666666666.
953 3526 1009 3575 *de
1029 3524 1139 3591 serpen·

214 3597 285 3644 sione
297 3608 413 3645 assensus
431 3592 517 3645 Acad.
530 3594 567 3645 iu.
582 3596 625 3644 33.
645 3594 692 3645 6116
705 3594 732 3645 in
746 3595 858 3661 reliquis
871 3596 950 3647 rebus
963 3610 1013 3646 non
1027 3596 1137 3660 poterit

214 3662 341 3712 insistere.
