2567 4209
496 313 754 371 alimmum.
1025 321 1082 379 191

203 477 389 530 Donamrcru.
425 474 473 526 Or.
487 477 530 525 43.
549 474 702 525 domesticae
720 475 826 531 literae,
851 476 919 530 rum,
945 484 1008 534 quae
1032 484 1087 522 aou

166 549 296 614 prodeunt
320 548 349 597 iu
359 544 467 613 samm,
492 544 604 598 ruriam.
628 549 675 594 etc.
714 543 791 595 Verr.
805 543 843 593 iii.
858 546 899 592 61.
918 539 1087 592 domesticum

168 618 279 674 crimen,
291 615 421 681 proficio,
434 613 500 679 quod
518 613 589 663 domi
601 612 757 662 accusatoris
775 618 865 662 uatum
879 617 903 661 ot
914 607 1087 669 excogitatum

169 693 215 737 cst.
252 686 328 736 Sext.
347 687 390 735 45.
418 683 563 734 doruerticic
583 683 661 732 malis
681 680 822 747 impediti:
850 681 868 730 i.
882 696 907 730 e.
920 678 1086 730 cerealieuo.

167 755 214 807 Sic
232 754 314 805 Catil.
328 755 347 805 i.
361 757 386 804 6.
413 751 552 804 domesticu
571 750 721 802 difficultas.
766 749 922 800 Catilii.
949 747 1088 801 domestica

170 824 319 890 turpitudo,
333 824 362 874 de
375 819 653 883 libidinosirflagitiir‚
668 820 776 869 luxuria
788 827 811 869 et
824 819 963 869 similibus.

203 894 393 944 Dourcrtraru.
430 890 511 942 Balb.
525 893 549 938 5.
569 890 600 940 ui
611 891 669 956 ejus
681 888 846 938 domicilium
856 888 957 951 gloriae
970 903 1088 939 commu·

126 1000 127 1004 ,
169 966 211 1015 nis
224 962 330 1028 imperii
343 961 438 1012 finibus
452 959 622 1010 terminetur.
659 957 737 1009 Orat.
746 958 764 1007 i.
773 960 816 1008 23.
830 956 919 1007 Romo
931 957 1028 1008 dicitur
1040 959 1090 1008 im·

171 1031 279 1099 p'eriiet
291 1032 391 1098 gloriae
411 1028 584 1079 domicilium.
604 1027 637 1077 ad
653 1026 704 1076 mv
727 1029 782 1077 xvi.
799 1030 838 1094 ¹7:
858 1028 920 1077 huic
934 1028 1016 1078 verbo
1029 1043 1090 1092 pro·

171 1103 260 1167 prium
272 1099 435 1150 domicilium
447 1105 490 1148 est
503 1100 529 1147 in
538 1097 632 1147 officio.
670 1094 759 1146 Pisan.
770 1099 812 1145 31.
832 1111 937 1147 suarum
950 1096 1090 1161 improbis·

173 1173 300 1222 simorum
322 1182 470 1219 sermonum
482 1166 647 1218 domicilium
660 1166 688 1215 ia
707 1165 814 1217 auribus
827 1168 924 1217 vestris
942 1166 1090 1217 collocave-
1154 1191 1160 1202 ’

172 1245 244 1291 runt.

207 1307 334 1358 Douma.
370 1305 419 1357 Or.
432 1305 461 1357 ii.
473 1306 515 1355 69.
546 1307 644 1355 natura
663 1303 770 1353 domiuo
790 1307 832 1355 ost
850 1322 856 1353 ε
875 1304 939 1354 h.e.
952 1302 982 1353 iu
1001 1305 1049 1354 lma
1061 1319 1089 1355 re

168 1376 402 1445 plurimumualet.
598 1429 600 1434 ,
650 1429 653 1433 ,

207 1446 365 1501 Doumarr,
384 1443 534 1508 plurimum
544 1443 639 1501 ualere,
656 1441 831 1507 praecipuum
842 1457 904 1492 esre.
940 1440 1017 1493 Orat.
1031 1442 1049 1492 i.
1063 1444 1088 1492 8.

173 1516 330 1581 eloquentia
351 1512 503 1562 dominatur
516 1512 542 1562 iu
562 1512 655 1562 liboris
667 1512 834 1561 civitatibus.
848 1511 911 1560 ibid.
926 1514 967 1560 14.
987 1512 1037 1562 hoa
1048 1511 1092 1562 do·

174 1584 294 1635 minatur
306 1584 333 1632 in
341 1586 457 1631 oratore.
477 1579 492 1611 *
505 1582 532 1629 in
540 1579 641 1630 Camil.
652 1585 676 1631 7.
689 1580 824 1629 dominari
837 1579 990 1645 injudicio,
1002 1581 1092 1630 dicuu-

175 1658 228 1709 tur,
242 1650 288 1715 oui
297 1663 398 1713 semper
409 1648 523 1699 obtineat
536 1662 624 1697 causer
636 1649 716 1698 eliam
729 1648 848 1712 iujustas,
858 1656 882 1698 ct
894 1648 972 1698 molis
980 1650 1091 1701 artibus.

174 1720 190 1753 *
204 1718 282 1784 Verr.
293 1719 321 1770 ii.
337 1720 377 1768 19.
397 1717 423 1767 in
436 1717 561 1767 auctione
573 1716 707 1767 domiuori
726 1718 858 1774 dicuutur.
871 1717 964 1781 quibu-t
984 1716 1014 1767 ia
1033 1733 1093 1768 aua-

175 1788 291 1841 timidus
312 1787 412 1845 omnia.
429 1800 493 1849 quae
514 1785 610 1843 mlum,
623 1786 708 1835 etiam
715 1786 847 1837 leuissimo
859 1785 1002 1836 licitatioue
1014 1787 1046 1836 ab
1058 1787 1093 1838 iit

166 1856 255 1926 foeta,
274 1856 438 1908 addicuntur.
475 1854 490 1881 *
502 1853 609 1905 Clueut.
630 1856 674 1904 25.
705 1855 819 1915 bestiae,
839 1855 988 1906 dominante
1012 1856 1092 1916 lime,

177 1932 234 1979 etc.
247 1928 265 1977 i.
278 1942 304 1977 e.
316 1930 434 1988 urgente.

213 1994 389 2046 Doarmrrro.
426 1992 489 2046 Act.
514 1991 533 2043 i.
555 1991 582 2042 in
604 1990 681 2043 Verr.
697 1994 738 2043 12.
765 1992 909 2044 dominatio
920 1993 1093 2060 judiciorum.

177 2060 297 2118 Verrfr.
308 2067 350 2115 68.
369 2063 443 2131 regia
454 2062 599 2114 dominatio
611 2063 639 2112 in
646 2060 764 2129 Judiciic.
778 2078 802 2112 a.
815 2062 956 2114 dominari.

213 2132 391 2184 Dourrrrros.
428 2132 475 2183 Or.
489 2132 528 2183 iii.
538 2133 581 2181 59.
608 2134 636 2183 in
648 2147 682 2183 eo
692 2133 778 2183 omnis
791 2132 938 2183 dominatur
950 2137 991 2183 est
1005 2134 1095 2186 oculo·

179 2217 240 2255 rum
253 2222 260 2253 r
279 2204 307 2254 i.
319 2219 342 2253 e.
355 2202 425 2253 oculi
441 2202 590 2266 plurimum
602 2202 697 2252 valeat.
742 2201 808 2251 Nat.
822 2200 855 2251 D.
868 2202 897 2253 ii.
910 2205 953 2253 69.
973 2207 1094 2255 terreno-

178 2287 236 2324 rum
249 2270 542 2326 oommodorumomnis
555 2275 597 2322 est
610 2271 636 2321 in
650 2271 757 2322 homine
770 2270 927 2322 dominatur.

212 2340 375 2393 Doumrmr.
412 2339 490 2392 Verr.
504 2341 543 2391 iii.
557 2345 582 2390 4.
613 2341 689 2407 huJ'us
701 2345 814 2408 argento
830 2340 948 2390 dominia
959 2347 1043 2392 veura
1054 2356 1097 2393 or·

177 2411 245 2462 nari.
264 2411 338 2473 lectio
350 2409 520 2467 Gomertooo,
533 2424 613 2473 orcam
624 2410 814 2473 irdcmretutur
825 2408 854 2458 de
866 2409 1027 2476 magisteriis
1040 2411 1096 2462 vini

128 2537 131 2542 ‚
178 2477 642 2559 autregrris,ouaeHoroliurvocot.
678 2477 729 2530 Sed
737 2477 866 2527 Groeoiuc
877 2479 972 2540 recepit
983 2478 1096 2541 reliquo·

179 2563 241 2597 rum
253 2548 383 2600 timorum
396 2546 550 2595 luu'omm:
568 2543 661 2594 domus
681 2550 795 2603 vestras,
807 2551 832 2593 et
849 2544 966 2595 dominia
986 2546 1025 2594 ito
1044 2547 1097 2599 dici

176 2614 374 2679 posceuegaait.
422 2611 555 2669 Dominio,
581 2611 644 2675 outo
666 2612 697 2661 iu
715 2612 789 2661 ionic
809 2610 887 2661 Codd.
900 2620 1032 2675 repertum
1049 2615 1098 2665 loc

179 2683 287 2731 uerbum
298 2688 343 2739 eri,
361 2696 415 2731 nou
432 2679 520 2729 ausim
542 2678 658 2744 rejicere,
671 2685 696 2729 et
707 2680 737 2731 iu
748 2679 840 2731 domus
853 2686 955 2730 vestras
967 2686 1098 2732 mutatum
1162 2717 1167 2726 1
1232 2665 1239 2680 ’

180 2749 264 2806 credo,
273 2749 341 2813 quod
351 2764 406 2800 aaa
416 2747 617 2811 intelligeretur.
654 2748 753 2800 Domm
766 2757 868 2800 vestras
881 2755 967 2799 autem
978 2765 1032 2799 rum
1050 2764 1098 2814 po-

181 2824 230 2869 teri
241 2833 291 2868 crte
300 2833 317 2867 a
328 2816 460 2875 Ciceroni,
474 2817 541 2881 quot
551 2817 655 2867 uullma
666 2819 821 2883 exemplum
832 2819 928 2883 poterit
936 2816 1038 2882 offerri,
1047 2833 1098 2883 ouo

180 2892 293 2954 argento
316 2885 410 2938 domus
429 2886 518 2937 ornari
541 2884 652 2937 dicotm.
699 2885 783 2949 Signa
795 2888 825 2937 ia
843 2888 980 2938 domorum
1000 2893 1098 2939 ornatu

182 2954 385 3006 commemorari
400 2955 518 3011 memini.
531 2961 670 3018 argeutum
681 2970 735 3005 aaa
751 2956 823 3007 item.
870 2956 1000 3006 Convivia
1011 2962 1099 3007 autem

180 3026 305 3077 exornari
318 3028 438 3090 argeum,
451 3023 507 3074 ccii.
517 3023 640 3075 iaalooic
650 3024 744 3089 potito,
757 3040 810 3075 nou
826 3026 904 3075 uum
915 3026 983 3088 carrd
994 3024 1099 3075 Cicero-

182 3109 243 3146 aem
254 3094 369 3155 aliorum
381 3092 442 3155 legi.
478 3092 563 3156 Atqui
575 3098 669 3143 veteris
689 3093 718 3143 de
736 3095 861 3144 courioiir
872 3094 959 3144 dicere
971 3092 1098 3154 dominia,

181 3162 249 3227 quod
261 3158 539 3224 Graeviumfugicbol
549 3176 609 3222 cum
621 3177 651 3212 eo
658 3162 790 3213 scriberet.
815 3163 886 3213 Geli.
901 3162 929 3213 ii.
941 3164 985 3213 24.
1004 3162 1035 3213 iu
1048 3178 1099 3227 quo
1178 3196 1181 3201 -

182 3230 250 3282 scio
257 3230 385 3295 jutemur
394 3228 528 3295 orimtpu
540 3228 661 3289 clodum,
675 3231 721 3296 qui
737 3231 805 3282 ludis
825 3231 1018 3295 Megoleurilrur
1030 3232 1100 3283 outi-

183 3313 233 3363 ouo
244 3299 302 3349 ritu
321 3295 483 3356 mutitareul.
496 3299 523 3351 lt.
537 3314 559 3348 e.
571 3305 664 3349 mutuo
675 3299 746 3350 iuter
768 3316 793 3351 re
817 3301 935 3353 dorrrinia
957 3302 1098 3364 agitarem,

178 3367 283 3436 iurare,
302 3371 357 3418 ete.
376 3366 407 3417 ia
429 3382 479 3431 quo
500 3368 555 3418 loco
571 3367 677 3433 quidam
699 3367 960 3433 imcrpretauteulum
975 3369 1100 3421 convivia

184 3440 344 3498 receperunt.
378 3434 430 3487 Sed
447 3435 558 3487 Fctum
577 3437 608 3487 ia
624 3438 734 3502 append.
750 3435 879 3489 Triclimi
895 3437 1065 3489 Cioecouioui
1076 3445 1101 3489 et

185 3501 295 3568 lutosum
304 3502 438 3556 Saluraol
446 3505 466 3554 i.
481 3507 522 3555 19.
541 3505 659 3557 dominia
669 3507 848 3557 militarium.
860 3523 888 3557 v.
901 3506 1016 3558 Gronov.
1027 3508 1059 3557 ad
1072 3508 1099 3560 h.

188 3573 207 3625 l.
219 3571 443 3626 Domitianum
458 3574 584 3626 «lituum
606 3577 740 3637 convivia,
759 3590 815 3629 aaa
831 3576 863 3627 ab
875 3576 929 3628 illic
940 3576 1101 3640 ouguurm
