2567 4209
501 309 752 369 utrumviris.
1040 310 1081 375 97

157 460 207 516 'tur
218 470 250 518 et
262 472 359 536 operte
372 469 513 530 mentitur,
526 473 582 522 eto.
618 470 634 504 *
647 469 792 536 Suscipere,
808 467 910 521 moliri.
937 467 999 520 Ast.
1021 468 1078 520 xri.

165 535 207 585 15.
226 539 302 598 haee,
315 554 384 607 quae
404 545 533 592 commoto
554 544 624 598 suut,
637 555 763 609 quorsum
775 539 892 591 evadant
906 557 912 588 z
930 538 996 588 unde
1008 553 1081 593 eom·

161 618 274 659 movere
286 623 315 658 se
324 609 455 669 dicuntur,
466 608 512 672 eui
521 609 622 673 oiiquid
631 610 788 660 metiuntur.
807 609 890 660 Catii.
904 610 921 660 i.
930 610 956 659 2.
967 623 1000 658 ne
1013 622 1082 658 eorru-

161 688 264 728 mouere
278 681 307 728 te
318 684 413 730 eontra
425 678 620 745 rempublicam
640 681 735 745 possis.
770 678 786 711 *
798 678 967 730 Comrnoreri
981 692 1040 727 cunr
1051 678 1081 728 de

161 744 252 797 animo
271 747 378 808 dieitur,
392 747 476 799 tritius
495 746 579 798 ntodir
590 748 725 803 sumiturs
741 747 840 813 prium,
853 762 913 798 eum
923 745 1039 812 refertur
1049 746 1084 797 od

159 811 305 876 ingenium.
328 823 373 877 est,
393 816 540 868 rutioniius
564 816 718 881 quibusdum
737 832 767 868 eo
787 816 905 881 perduci,
929 822 959 867 ut
982 815 1085 880 aliquid

162 896 252 935 rerum
257 884 393 952 suirumue
403 892 533 952 putemus.
552 885 650 946 deinde,
664 901 724 936 eum
735 885 765 936 de
774 885 1013 951 perturbationibus
1025 884 1084 936 uni·

161 951 209 1012 mi,
222 970 287 1019 qum
300 962 324 1007 et
335 956 519 1007 commotiones
531 954 616 1006 ortimi
627 955 802 1021 appellentur,
810 954 917 1013 dieitur,
928 955 1082 1026 pierumque

162 1028 264 1075 eertum
282 1025 388 1090 otiqsrmi
406 1023 589 1076 commotionis
599 1038 682 1089 genus
693 1023 807 1089 indirnt:
825 1029 863 1085 ut,
876 1030 961 1075 morte
972 1021 1083 1090 alieuius

163 1096 329 1154 oornnuoueri.
347 1110 398 1160 pro
416 1094 521 1153 terreri,
542 1099 587 1143 out
610 1093 722 1145 tristitie
738 1092 817 1158 effici
855 1091 900 1143 Ao
922 1093 1082 1144 uolumutem

163 1158 272 1225 deniqne
291 1164 339 1215 utri
357 1160 482 1231 refertur,
503 1162 645 1228 significet,
665 1162 742 1214 certis
760 1163 790 1213 de
802 1161 886 1213 musis
897 1161 970 1213 notis
983 1161 1085 1227 aliquid

8 1253 9 1294 3
89 1296 94 1303 Ι
164 1244 216 1280 esse
229 1233 405 1284 constitutione.
441 1231 572 1297 Euemplu
581 1246 666 1299 pauor
678 1231 834 1298 adjecimus:
853 1231 936 1282 Aron.
949 1233 975 1281 5.
995 1229 1081 1283 Unius

162 1302 278 1352 nominis
291 1303 374 1354 litora
385 1318 414 1354 se
431 1306 588 1353 commotum
599 1299 720 1354 dixerit:
740 1303 759 1353 i.
772 1317 798 1352 e.
808 1307 918 1367 propter
928 1315 1011 1351 unum
1022 1301 1084 1354 tue·

163 1383 223 1419 rorn
234 1370 286 1423 sibi
297 1372 398 1422 miuus
409 1377 536 1437 suspectus
547 1385 608 1421 erse.
635 1369 742 1424 Muren.
757 1373 798 1422 19.
823 1371 1001 1421 eornmoeebor
1013 1369 1083 1423 ludis

162 1438 291 1492 Antonii:
310 1441 434 1493 timerem
445 1436 595 1507 insumere,
616 1455 648 1491 ne
669 1440 738 1492 mitt
756 1445 877 1492 nocerent
899 1439 929 1490 in
946 1440 1081 1505 petitione.

163 1507 179 1538 ³¹³
197 1507 245 1574 Or⁸
259 1509 287 1561 ii.
300 1512 325 1560 5.
344 1509 509 1562 Graecarum
528 1507 740 1576 disputationum
761 1510 918 1561 memorium
942 1523 1085 1564 commuue·

166 1584 231 1629 rut:
250 1580 277 1630 h.
290 1595 316 1631 e.
330 1580 501 1639 instaurarat,
514 1584 657 1630 reuocaret.
693 1578 708 1611 *
721 1578 770 1631 Or.
782 1580 801 1630 i.
813 1580 857 1631 25.
877 1579 1012 1646 ingenium
1024 1584 1086 1633 arte

164 1661 332 1708 commouere,
342 1664 393 1713 pro
405 1663 510 1712 augere,
522 1662 623 1699 eruere.
641 1646 657 1679 *
666 1654 785 1707 euertere,
798 1645 924 1715 refellere,
937 1645 1083 1714 eerrfuturn

164 1715 213 1769 Or.
227 1719 255 1769 ii.
266 1720 309 1770 51.
335 1717 367 1770 Si
378 1717 534 1770 convellere
554 1715 707 1769 adoriamur
718 1732 760 1776 ee,
772 1732 843 1784 quoe
863 1720 1021 1772 commoneri
1032 1734 1084 1771 nou

164 1792 285 1853 possunt.

198 1856 380 1909 Couuuuroo.
407 1855 440 1910 ud
453 1855 516 1908 niv.
530 1857 549 1908 i.
563 1859 589 1912 7.
624 1853 687 1907 Non
707 1856 793 1907 soinrn
814 1872 831 1907 a
850 1871 894 1908 me
915 1859 1084 1922 provocetur,

164 1925 212 1978 red
224 1928 309 1979 etiarn
321 1943 369 1979 suu
380 1932 476 1995 sponte
488 1925 523 1978 de
536 1930 565 1978 te
578 1925 771 1977 communicare
780 1921 850 1977 solet
860 1944 866 1975 ε
879 1925 913 1975 od
923 1941 964 1976 rne
976 1924 1084 1992 referre,

165 1993 315 2048 deliberare.
351 1995 437 2048 Aosd.
450 1998 487 2048 iv.
502 2000 526 2047 1.
547 1995 639 2062 itaque
663 1995 777 2061 privabo
789 1995 866 2046 iilum
886 1994 975 2060 potius
993 1996 1086 2050 debito

163 2067 330 2126 testimonio,
356 2081 436 2134 quem
450 2064 478 2117 id
490 2079 552 2117 euin
566 2078 628 2116 rnen
639 2063 718 2116 laude
731 2063 928 2116 communicem.
947 2063 995 2116 Or.
1008 2067 1026 2117 i.
1042 2070 1084 2120 15.

164 2136 358 2187 communicare
374 2150 436 2187 eum
454 2135 553 2202 atiquo,
563 2147 614 2199 pro
626 2134 758 2185 ommtrrr
770 2133 893 2198 otiorum.
929 2132 1008 2187 Ruso.
1021 2137 1084 2192 Am.

163 2206 208 2255 m.
221 2206 264 2256 49.
281 2210 356 2257 reret
367 2205 438 2255 rotie
450 2219 510 2255 curn
521 2202 609 2269 ulique
626 2205 819 2256 communicari
835 2203 942 2265 dieitur,
958 2220 1035 2270 errem
1045 2224 1086 2262 ω-

165 2272 237 2325 eimn
247 2274 278 2326 in
289 2274 430 2325 commotio
441 2278 487 2324 out
497 2271 609 2336 negotiis
621 2273 758 2324 ruminus.
771 2270 876 2325 udDir.
887 2276 983 2326 xr.2l.
997 2277 1086 2330 inimi·

163 2344 244 2396 eitius
253 2358 359 2396 meeum
368 2342 574 2396 communicanti.
594 2343 613 2393 i.
622 2341 746 2394 inimicos
756 2357 827 2394 mem
836 2357 887 2408 pro
898 2344 950 2395 tuis
961 2345 1085 2400 ineunti.

200 2411 360 2472 Contionis,
378 2411 604 2477 vulgariorum
622 2427 686 2476 eune
706 2411 827 2463 munitur
847 2414 998 2465 communio
1016 2424 1085 2478 sunt,

164 2482 287 2546 vulgario
298 2483 433 2541 intuitur,
446 2487 470 2532 et
481 2480 542 2532 odeo
554 2486 764 2531 contemnuntur.
783 2479 817 2532 ed
829 2479 891 2533 Dir.
909 2482 929 2531 i.
941 2484 967 2533 9.
985 2485 1085 2539 obhor-

163 2556 225 2603 rent
237 2568 254 2603 o
265 2550 430 2619 praeceptis.
442 2549 633 2601 communibus.
651 2548 717 2601 ibid.
727 2551 775 2601 rii.
787 2552 811 2598 1.
830 2563 978 2602 mnnnunes
990 2556 1086 2608 mimos

165 2625 322 2688 spectarent
334 2619 496 2673 semisomni.
514 2617 530 2651 *
543 2616 591 2669 Or.
604 2620 647 2669 33.
665 2631 800 2668 commune
815 2615 998 2685 judiciorum
1012 2622 1086 2688 joui.

165 2690 206 2741 eio
223 2690 325 2757 popuii.
344 2690 423 2742 Dom.
440 2692 481 2740 18.
501 2686 652 2738 communie
663 2690 796 2753 tempora,
814 2700 879 2768 qum
891 2686 925 2737 od
935 2689 1089 2744 uniuersum

163 2759 353 2826 rempublicam
361 2759 503 2825 pertinent.
521 2755 601 2810 Belb.
614 2758 641 2806 5.
661 2755 807 2807 communis
819 2757 927 2823 imperii
939 2757 1012 2820 finer,
1026 2761 1044 2813 i.
1057 2777 1085 2814 e.

164 2829 258 2889 nostri,
271 2828 352 2881 Rom.
371 2828 447 2880 Sext.
461 2830 486 2878 1.
505 2824 650 2876 emnmunr‘s
661 2826 783 2878 liberter.
803 2824 868 2877 ibid.
878 2828 903 2876 6.
923 2842 1086 2883 communem

166 2899 282 2951 salutern
296 2898 416 2950 reficere.
436 2895 529 2947 Pione.
541 2897 581 2945 14.
601 2895 747 2946 cummunis
760 2896 808 2946 ilia
819 2909 910 2946 sensus
924 2900 952 2949 in
961 2899 1021 2951 uiris
1034 2900 1088 2954 ior·

167 2971 240 3018 tuere
261 2968 354 3020 latuit.
368 2969 394 3017 h.
409 2983 436 3018 e.
454 2964 504 3016 eiii
512 2961 630 3028 fortusse
652 2963 851 3015 dissimularunt
862 2964 985 3027 dolorem,
998 2970 1044 3033 qui
1055 2971 1088 3021 ori

166 3050 255 3087 omnes
264 3037 419 3102 pertinebat.
454 3033 504 3086 Or.
522 3035 561 3084 iii.
577 3035 620 3084 29.
639 3032 703 3101 quid
716 3035 743 3084 in
755 3033 889 3085 communi
900 3039 992 3088 mente
1012 3041 1087 3105 quasi

164 3109 444 3240 {timiniani
453 3102 1090 3241 ”utitittmtttsttttfflt‚itt

166 3259 255 3295 omnes
271 3244 381 3302 utimur,
394 3247 475 3299 etium
494 3243 606 3307 ignotos.
624 3242 673 3294 Or.
687 3243 716 3293 ii.
730 3246 772 3293 77.
791 3256 927 3295 omnmune
939 3245 1088 3304 exordium,

166 3313 235 3377 euru
242 3313 332 3364 multis
345 3311 507 3364 orationibus
517 3312 655 3375 praemitti
665 3317 789 3377 potestat
800 3317 836 3363 est
848 3313 877 3363 in
886 3312 958 3364 nitio.
973 3313 1038 3368 ibid.
1048 3320 1091 3368 17.

167 3397 316 3433 communes
337 3382 443 3440 literae,
463 3386 522 3431 sunt
535 3388 603 3434 ortes
624 3382 751 3440 liberates,
772 3380 866 3446 quibus
887 3398 975 3434 omnes
987 3399 1094 3449 operum

165 3450 229 3501 dore
241 3452 332 3503 soient.
350 3450 428 3503 Oret.
444 3450 484 3502 iii.
497 3451 541 3501 27.
560 3452 634 3504 loeus
647 3450 795 3504 eommunis
804 3449 927 3503 dicituro
939 3453 1094 3517 motorium.

164 3519 278 3588 quirem
289 3534 394 3572 ornnem
405 3518 439 3570 od
449 3533 531 3583 genus
540 3516 636 3642 rediet,
649 3521 760 3587 ameum
772 3519 806 3570 ud
824 3516 1027 3587 emnesjrrmos
1036 3540 1098 3590 per·

166 3588 243 3641 tinet.
262 3595 290 3640 ot
302 3587 381 3641 Verr.
394 3588 423 3640 ii.
436 3590 480 3641 46.
491 3637 494 3642 ,
507 3595 544 3641 ert
586 3605 631 3642 eus
649 3590 780 3655 nuntiem,
792 3593 823 3640 ut
834 3586 943 3657 sorren,
956 3593 1097 3657 theutrum,

211 3677 321 3727 innox,
341 3678 412 3715 von.
434 3678 455 3714 ι.
657 3662 675 3712 n
