2567 4209
185 275 246 336 iet
593 263 710 321 mm

216 425 406 480 Drsuarucru
423 422 631 476 adoratoribus.
650 422 810 475 cirenem

216 495 418 552 Dusuuromua
431 492 513 543 iateti.
523 507 610 556 equus,
618 508 636 543 4
647 492 792 548 desultore.
802 489 869 556 quod
878 496 1020 553 eratgenur
1028 489 1100 555 equi·

181 571 247 623 tum,
261 564 307 628 qui
318 563 348 614 iu
360 562 429 613 eirea
441 577 517 626 eques
535 562 624 626 plures
636 563 763 627 capitibus
777 560 882 627 junctos
900 560 1035 623 agitabunt
1051 560 1099 620 ita,

181 641 211 686 ut
224 635 252 685 iu
263 632 347 684 medio
359 645 437 683 curru
448 648 479 681 er
490 646 543 682 uno
555 630 585 682 iu
596 632 709 682 attonem
726 648 750 681 se
763 628 883 694 trajicere
893 634 1004 694 parserat.
1040 629 1101 681 Mu·

182 718 239 756 ren.
251 705 295 755 27.
313 702 359 769 qui
380 701 444 751 mihi
459 700 564 752 videtur
587 703 737 766 praetorius
749 699 911 751 Candidatus
930 699 957 750 in
980 700 1099 750 consuia-

181 788 248 829 rem.
262 774 338 840 quasi
350 771 505 821 umerum
518 772 545 821 iu
565 770 754 838 quadrigarum
765 769 937 827 curriculum,
951 770 1098 819 incurrere.

182 841 309 893 64444144
317 837 604 892 maturrimum.
617 842 660 891 39.
679 841 750 891 41111
765 838 889 890 Terruit.
897 834 933 904 es.
945 837 1057 889 Salmas.

184 910 291 976 Vapire.
303 908 396 962 Caria.
410 924 432 959 e.
447 910 488 959 19.
499 923 527 973 p.
540 910 599 960 8411.
612 925 650 973 ap.

216 979 323 1031 Dauum.
359 977 430 1029 Phil.
447 977 476 1029 ii.
488 980 531 1028 29.
559 994 607 1029 eur
619 979 645 1029 ei
659 978 731 1030 beiio
742 983 855 1045 propter
868 975 1045 1028 timiditatem
1057 976 1099 1027 de·

171 1045 267 1115 fuisti.
287 1049 322 1104 Q.
337 1048 381 1099 Fr.
395 1047 424 1099 ii.
439 1050 463 1098 6.
482 1047 827 1104 14144441111411.114141
845 1044 937 1112 defuit.
973 1048 1035 1097 Ati.
1060 1045 1096 1097 iv.

183 1123 224 1170 ll.
243 1133 294 1169 non
305 1131 408 1175 vereor.
423 1131 456 1168 ue
469 1117 534 1167 mihi
547 1133 635 1170 sermo
647 1117 710 1167 desit
721 1120 765 1168 ads
777 1124 809 1174 te.
818 1132 871 1185 quo
883 1130 1044 1182 magnopere
1051 1115 1098 1166 de·

181 1190 276 1241 lector.
313 1187 360 1238 Or.
373 1187 413 1237 iii.
423 1191 449 1236 4.
475 1188 568 1237 neuin
588 1188 706 1238 Autome
726 1186 816 1237 1444441
838 1188 1019 1243 nicomatus,
1041 1189 1096 1236 etc.

182 1257 359 1314 1414116.
386 1255 545 1307 4411114144
569 1253 723 1320 1414144444
741 1256 901 1307 affirmavit:
929 1256 1099 1306 tueremur

180 1331 373 1382 accusaturum,
384 1338 434 1388 per
446 1324 563 1374 ireuium
574 1332 717 1376 venustam.

216 1394 399 1446 Drruaeuar.
435 1393 561 1445 111411.
575 1397 614 1444 tu.
641 1394 688 1445 sed
708 1397 796 1460 primo
813 1409 882 1445 anua
902 1393 975 1445 lxxx.
993 1392 1098 1445 detersi·

180 1480 260 1516 mur.-
279 1464 296 1514 i.
310 1479 335 1514 e.
349 1462 462 1527 cepimus
475 1469 571 1514 441414
583 1477 687 1513 tumme
696 1465 829 1526 octogiuta
839 1465 964 1515 sestertia.

215 1534 399 1585 Durrammo.
436 1532 512 1583 Orat.
522 1533 560 1584 iii.
575 1537 617 1583 44.
635 1532 707 1599 quod
719 1532 794 1589 dieii.
809 1535 906 1599 spiritu
922 1547 974 1583 uon
984 1537 1043 1584 arte
1055 1531 1098 1583 de·

181 1604 320 1655 termium:
340 1602 358 1651 1.
371 1618 397 1652 4.
407 1603 553 1653 arutieuem
565 1602 595 1651 iu
604 1603 803 1666 pronuncianda
818 1618 871 1652 auu
882 1618 911 1653 eo
927 1603 982 1653 1444
994 1601 1097 1661 incidit,
1167 1649 1173 1662 ,

179 1674 226 1724 udi
238 1674 296 1738 ipsa
304 1671 429 1721 sententia
440 1670 544 1734 derium
550 1671 597 1722 aed
607 1671 654 1721 uiri
672 1671 789 1735 spiritus.
802 1672 914 1735 adeoque.
923 1685 996 1736 saepe
1011 1670 1097 1722 alitur

181 1743 244 1794 1444.
276 1741 336 1792 Dir.
346 1742 364 1791 i.
377 1743 417 1791 12.
431 1742 521 1792 omnia
532 1739 584 1792 iixa
600 1744 660 1792 tuus
672 1741 821 1807 glomerans
834 1740 989 1791 determinat
997 1755 1097 1792 auuuaa

180 1813 208 1864 11.
221 1829 245 1863 4.
260 1813 320 1863 duee
332 1811 422 1861 emmiu
433 1816 492 1860 ratu
499 1806 572 1875 feeit
583 1816 713 1860 emeremus
724 1825 808 1861 eunus
820 1817 888 1860 tuus.

215 1879 398 1938 Drrruarae,
425 1879 578 1936 dissuadere.
603 1879 744 1930 dehortari.
781 1881 843 1930 Au.
856 1881 893 1930 x'a
906 1881 932 1929 8.
960 1894 1046 1945 neque
1066 1882 1096 1931 ta

180 1951 303 2011 deterreo.
316 1964 367 2015 quo
380 1949 466 2000 miuus
483 1946 510 1998 id
522 1948 652 2014 disputes,
666 1949 819 2017 scribasque
831 1947 863 1999 ad
881 1964 925 2002 me
941 1964 1020 2015 quam
1039 1965 1098 2000 sae·

180 2020 299 2087 pissime.
327 2017 364 2067 Ee
376 2018 413 2068 rie
425 2018 567 2068 uitiatoris.
579 2034 604 2067 v.
613 2017 692 2067 etium
703 2017 852 2069 mmmm.
865 2018 898 2067 ud
909 2015 970 2069 Tu.
984 2019 1004 2069 i.
1016 2021 1042 2070 3.
1055 2021 1095 2070 13.

215 2088 448 2143 Derraumarro.
457 2085 536 2148 semia
558 2084 700 2137 1111152.
736 2087 802 2138 Nat.
816 2087 849 2137 D.
858 2088 888 2138 ii.
897 2090 939 2138 40.

214 2156 387 2210 Durrsruar.
405 2155 546 2218 deprecari.
560 2170 576 2204 4
588 2150 614 2205 se'
625 2161 671 2205 am
681 2157 713 2205 ab
729 2157 783 2207 atie
801 2164 930 2207 remotum
942 2171 1042 2221 cupere,
1055 2156 1097 2208 de·

178 2224 315 2291 preeundo,
334 2223 457 2286 reguardo,
478 2229 523 2272 aut
543 2224 598 2273 4114
617 2224 728 2277 ratium.
772 2225 852 2277 Catii
868 2226 886 2275 i.
901 2230 942 2276 11.
969 2233 1096 2293 utpropa

176 2300 279 2363 jurium
292 2292 396 2357 patriae
408 2291 601 2360 querimoniam
613 2308 630 2343 a
641 2308 686 2344 me
702 2296 849 2346 1414414444
862 2294 1002 2361 deprecer.
1032 2297 1095 2347 Ate.

181 2366 218 2420 ix.
233 2366 272 2413 10.
290 2377 351 2412 eum
375 2368 403 2412 tu
424 2360 458 2412 ad
476 2377 520 2412 me
535 2361 666 2428 quaedam
683 2380 817 2434 peruarrgor
835 2364 992 2428 scripsisses.
1005 2370 1033 2416 et
1047 2381 1099 2432 ega

180 2433 246 2491 mihi
259 2448 275 2482 a
286 2436 316 2483 te
327 2430 457 2497 quaedam
475 2432 614 2496 significari
635 2447 780 2498 putassem,
798 2439 828 2483 ut
850 2432 930 2483 italia
946 2432 1093 2492 cederem

180 2501 311 2553 detesteris
331 2502 381 2552 hue
401 2500 561 2566 diiigenter:
590 2504 608 2550 1.
621 2517 646 2551 e.
660 2506 786 2551 remotum
797 2503 927 2552 4141444
945 2503 1095 2565 opiumuem

178 2572 227 2629 uia,
240 2585 318 2633 aegre
329 2576 352 2620 te
364 2569 392 2620 id
403 2570 568 2636 rigufirrrre
587 2569 602 2600 '¹‘
615 2570 677 2621 triae
689 2570 719 2619 iu
729 2570 807 2620 emtis
818 2570 942 2635 auspic-iu
954 2576 978 2620 et
997 2571 1095 2623 amirei·

176 2642 226 2693 'bus
238 2639 341 2696 dieitur.
354 2654 414 2689 aum
431 2653 462 2688 44
480 2639 598 2695 dicimur,
619 2640 711 2704 quidus
730 2640 801 2689 meu
820 2638 995 2704 impendentia
1011 2641 1096 2694 auerti

177 2726 251 2776 parre
272 2709 382 2771 eredunt!
401 2709 573 2771 superstitiosi
595 2708 730 2758 ermines.-
757 2709 786 2759 de
800 2724 849 2772 quo
868 2709 919 2759 uid.
939 2707 1049 2760 Caram.
1062 2711 1097 2763 ad

183 2778 315 2840 Tampium
329 2793 350 2826 e.
367 2779 406 2826 16.
436 2775 525 2827 Vatin.
542 2780 582 2827 16.
609 2778 630 2827 si
652 2780 740 2828 ritant
762 2782 799 2834 te.
821 2777 933 2845 fugiunt,
955 2778 1048 2829 audire
1065 2785 1094 2833 ta

180 2849 294 2900 nolimu.
312 2861 373 2897 eum
386 2844 518 2902 viderunt.
538 2853 674 2914 tamquam
695 2846 841 2912 auspicium
860 2848 959 2898 malum
971 2848 1095 2899 detestam-

179 2924 232 2969 tur.
252 2916 317 2966 uude
334 2914 398 2965 eum
410 2915 506 2964 dieitur
518 2915 547 2965 ia
556 2915 650 2965 Pirum.
665 2919 705 2966 10.
724 2931 815 2968 onmes
834 2918 989 2967 memoriam
1002 2932 1096 2969 cousu-

180 2989 251 3039 latus
265 2984 313 3043 tui,
334 2984 414 3039 faeta.
428 2999 523 3038 mures,
537 2984 633 3035 faeiem
647 2984 761 3052 denique
773 3001 804 3037 44
818 3001 912 3037 rocem
924 3001 940 3040 a
951 2987 1092 3052 republica

180 3057 353 3106 durs-tautam:
371 3067 405 3102 rr.
418 3058 550 3116 tamquam
564 3057 662 3103 mutum
675 3056 821 3118 uuepieium
832 3061 856 3104 41
874 3070 958 3105 eutem
994 3053 1010 3085 *
1022 3053 1094 3106 Cete-

177 3140 243 3176 rum
254 3121 377 3186 qumrium
388 3122 436 3171 uta
446 3121 575 3171 detestatio
583 3122 694 3185 euspicii
703 3130 726 3172 ei
737 3122 875 3185 umiuirfit
886 3124 1017 3174 avertendi
1027 3124 1095 3177 mali

180 3208 266 3250 441444,
277 3197 414 3256 prepterea
425 3189 522 3239 dieitur
533 3206 581 3254 pro
593 3199 714 3246 auertere,
729 3193 836 3255 adempte
854 3192 934 3243 etium
949 3192 978 3242 de
990 3192 1040 3243 aits
1053 3192 1094 3258 ip-

179 3264 225 3318 ris.
238 3275 297 3311 eum
316 3259 349 3310 sit
370 3258 477 3323 proprie
496 3259 643 3310 heremum.
680 3259 748 3310 Pur.
764 3263 798 3312 iv.
812 3266 837 3311 4.
868 3260 907 3311 O!
927 3260 966 3313 dii
986 3263 1094 3315 immor·

181 3333 258 3383 talea.
272 3329 390 3379 avertite
401 3333 431 3377 et
443 3327 603 3377 detestamini
615 3344 713 3394 quaeso
727 3331 775 3380 irae
788 3345 875 3381 amen.

215 3399 404 3452 Durrsrrrm,
424 3395 544 3461 reptatio.
566 3395 732 3460 deprimitis
766 3399 899 3449 144455.
918 3415 1040 3466 cumpro
1051 3400 1093 3455 da·

179 3467 312 3520 erutam
324 3473 366 3519 tot
378 3465 518 3527 scelerum,
532 3480 610 3519 unam
622 3482 697 3518 aram
712 3469 814 3520 nelarie
825 3473 1005 3521 consecrarat.
