2567 4209
925 26 934 43 “·
995 2 1027 81 1
1113 3 1263 99 ἸΙ

213 307 282 370 ιιι
599 244 756 385 iim.

215 462 293 519 Ptin.
313 473 392 513 aare.
415 459 440 511 1.
464 455 540 524 lips.
565 453 648 510 Eleet.
662 474 695 511 ιι
707 459 751 511 29.
771 453 865 522 Sigon.
875 455 1027 511 Antio·
1046 459 1078 512 ιι
1090 462 1136 514 9).

215 527 481 587 BndueusodPnnd.
492 544 521 593 p.
534 529 625 580 mii.
638 545 677 595 sq.
728 545 733 553 ·

250 603 465 657 innectamus.
499 596 566 650 Nat.
580 596 613 649 D.
627 599 646 650 i.
659 603 702 651 44.
728 606 801 651 extr.
813 597 898 650 omnis
918 599 946 650 in
957 599 1138 653 inibeciititute

214 678 257 727 ast
270 674 359 744 gratia
378 675 407 722 et
428 672 550 722 auritas:
568 669 595 720 t.
608 685 632 720 e.
645 669 675 720 in
692 675 789 721 nutura
806 666 967 735 imperfecta,
980 669 1088 733 signum
1100 677 1137 723 ert

214 752 325 796 nmurae
337 736 512 806 imperfectae,
525 743 600 790 utert
610 739 736 791 tomum.
754 737 770 770 *
782 736 892 791 'literni
902 741 932 790 ii.
942 740 969 790 o.
987 741 1135 793 imbesilli-

215 818 258 867 tas
271 810 400 864 tribuitur
406 808 578 875 purumne,
592 810 639 874 qui
651 810 766 860 dolorem
778 808 848 860 inter
859 810 932 861 mulo
943 810 1067 861 retulere.

249 882 401 933 luasaaus.
428 877 507 931 Doni.
523 883 565 930 14.
584 877 680 930 Graeo.
694 879 832 931 imberbis.
845 886 985 943 utinamque
996 879 1139 934 usitatum.

248 951 399 1009 iussaene,
418 949 572 1000 constituere
585 963 679 1007 seuam,
692 950 836 1000 decernere.
874 949 970 1003 ttuint.
983 950 1009 999 6.
1028 949 1099 1016 quod
1112 951 1136 1002 si

212 1020 302 1076 tueare
315 1020 392 1074 nolit.
403 1022 487 1086 atque
499 1018 641 1079 imbiberit,
654 1018 784 1088 ejusmodi
793 1020 941 1070 rationibus
954 1033 1015 1071 eum
1028 1018 1063 1070 ad
1075 1032 1135 1073 suas
1205 1016 1208 1028 '

210 1090 378 1146 conditiones
390 1087 549 1155 perdurere.
1035 1101 1039 1111 ¹

246 1160 387 1213 luauaaa.
424 1157 483 1226 Lig.
501 1160 539 1208 ¹0.
559 1157 654 1209 studiis
666 1172 692 1207 se
703 1157 844 1208 imbueret.

246 1230 380 1285 iussurus,
399 1227 445 1291 qui
457 1226 567 1289 oticsip'us
585 1227 626 1276 rei
637 1223 820 1292 initiumfeeit
833 1244 842 1274 .-
860 1226 936 1292 qimi
949 1225 1133 1280 intumuerit·

210 1301 256 1352 eni
267 1300 316 1357 rei,
326 1297 399 1352 uitio,
412 1301 459 1345 ete.
480 1293 549 1345 Phil.
561 1294 600 1344 iii.
608 1297 635 1345 2.
654 1293 769 1346 initurus
782 1296 832 1347 tiae
845 1295 1019 1348 onidelitate.

246 1368 420 1419 iuueni-rsa.
457 1361 516 1414 Fin.
530 1363 566 1414 ir.
579 1366 605 1413 9.
624 1363 778 1416 inmunitas
792 1365 845 1417 ista
856 1367 1006 1418 verborum.

244 1437 456 1491 imminuamus,
484 1433 637 1497 properatio
661 1434 692 1484 in
713 1435 792 1484 retur
813 1442 873 1486 unte
896 1442 997 1502 tempus
1016 1435 1133 1500 agendi.

210 1506 306 1564 Quint.
315 1507 364 1609 ²⁶,
377 1501 442 1572 quid
454 1502 522 1554 haee
543 1501 691 1562 festinatio,
703 1502 769 1572 quid
781 1504 849 1556 haee
861 1504 1041 1557 immaturum
1053 1509 1132 1559 tauta

209 1579 232 1631 si
252 1576 360 1630 nificat.
966 1578 970 1583 “

233 1594 405 1698 ginsusurra.
431 1641 461 1693 de
485 1642 594 1708 cupidis.
626 1640 706 1695 Verr.
728 1643 757 1694 ii.
770 1644 814 1694 54.
840 1642 985 1695 imminens
1004 1647 1130 1697 avaritia.

208 1715 344 1770 Domiti.
365 1711 503 1765 imminere
527 1713 679 1780 eupiditate
700 1711 731 1763 in
743 1712 845 1764 tribua.
870 1718 1046 1780 potestatem.
1078 1715 1130 1767 *de

206 1795 283 1853 gestu
299 1791 435 1836 oratorum
446 1787 482 1832 en
500 1782 669 1834 histrionum.
705 1782 784 1833 Orat.
798 1784 828 1834 ii.
841 1784 883 1834 55.
902 1789 980 1851 gestu
992 1784 1066 1836 orani
1078 1785 1131 1837 im·

209 1855 345 1908 minanti.-
364 1868 402 1904 so.
416 1851 446 1901 in
465 1865 534 1911 runo,
551 1859 644 1903 eontra
656 1867 732 1916 quern
743 1851 850 1903 dicebat.
888 1852 964 1905 Sext.
977 1856 1020 1903 55.
1042 1854 1070 1905 iu
1081 1870 1132 1908 ore

209 1924 383 1992 impurissimi
407 1920 522 1972 hominis
550 1922 694 1973 imminens
717 1924 877 1975 concionata
899 1928 942 1974 est
967 1923 1133 1978 histrionum

224 2003 328 2047 aterna.

206 2011 416 2115 cturinianum.
453 2058 750 2112 ornamentorum
773 2062 908 2114 verbum:
930 2067 960 2114 ut
979 2077 1065 2124 nosse,
1077 2078 1137 2130 pm

205 2147 320 2186 novisse.

242 2203 372 2254 lunissso
390 2205 594 2252 sarmentorum.
629 2198 709 2252 Cato.
725 2201 765 2250 15.
779 2202 922 2266 opponitur
933 2202 1129 2268 amputationi.

241 2273 419 2327 lusurrana,
444 2270 632 2333 possessionem
652 2269 722 2320 dore.
754 2269 833 2321 Verr.
847 2272 866 2321 i.
880 2272 923 2321 54.
950 2271 1076 2322 immittes
1096 2273 1128 2324 in

206 2356 268 2395 maa
277 2342 354 2392 bona.
368 2339 383 2370 *
391 2337 487 2390 Parati.
498 2330 625 2407 t.]aeera
634 2344 664 2389 et
672 2335 815 2390 immittere
826 2341 949 2408 injuriam
962 2342 988 2392 in
997 2341 1127 2409 aliquem.

242 2409 329 2468 iusso,
357 2408 386 2459 in
406 2408 629 2460 correctionibus:
662 2422 697 2457 nu
721 2409 861 2461 condraire.
897 2410 1006 2462 Caeein.
1020 2416 1043 2462 7.
1063 2427 1127 2463 eon·

204 2483 296 2538 nessii,
308 2478 406 2536 oredo;
419 2506 431 2518 ·
442 2504 454 2518 ·
466 2478 549 2530 immo
561 2478 725 2530 calumniam
737 2479 939 2548 stultitiamque
951 2481 1076 2533 obtrivit.
1085 2482 1124 2537 oi.

127 2590 132 2597 ,
206 2549 274 2602 Suii.
289 2554 326 2601 17.
339 2554 394 2601 eta.
408 2549 437 2600 in
457 2548 582 2612 ungendo.
618 2546 701 2598 Catil.
716 2549 734 2598 i.
749 2552 773 2599 1.
801 2550 880 2609 risit,
892 2550 976 2601 immo
993 2552 1079 2602 etiam
1096 2553 1126 2604 in

204 2625 327 2673 senatum
346 2621 431 2671 venit.

239 2690 453 2742 luuouaasrus.
489 2686 538 2738 Or.
551 2688 593 2738 58.
613 2685 640 2738 in
651 2687 772 2737 oratione
785 2701 925 2740 numerosa
936 2688 1003 2740 nihii
1011 2692 1053 2740 est
1063 2706 1127 2756 pro·

204 2761 330 2828 positum.
351 2758 402 2809 nisi
427 2762 456 2808 nt
478 2771 512 2807 ne
536 2756 717 2815 immoderato,
731 2762 778 2807 aut
791 2765 911 2825 angusta,
924 2764 972 2811 aut
984 2759 1123 2821 dissoluta.

202 2836 247 2881 aut
262 2829 344 2880 fluens
356 2828 391 2878 sit
403 2829 500 2878 oratio.

237 2897 462 2950 quoarssiran
480 2893 590 2963 gaudeo.
605 2894 640 2950 Q·
656 2893 699 2946 Fr.
714 2895 752 2946 iii.
767 2900 791 2946 1.
804 2913 829 2948 c.
839 2900 866 2948 3.

239 2966 415 3023 insusurrans,
433 2966 510 3030 plone
529 2971 659 3015 mortuus.
695 2965 756 3017 Att.
772 2968 790 3019 i.
805 2970 846 3018 11.
876 2966 1034 3019 immortuoe
1058 2969 1125 3021 reli·

202 3041 283 3108 quiae
296 3035 492 3105 conjurationis.
529 3033 561 3084 Si
572 3049 635 3084 sonn
648 3040 684 3085 est
696 3034 779 3085 tectio.

238 3108 409 3159 luuunrrus.
428 3103 554 3155 “Caeoin
570 3105 609 3153 ia.
634 3106 679 3158 ria
691 3103 842 3156 immunito.

237 3176 414 3228 luuurerso.
451 3172 528 3225 Brut.
544 3176 584 3223 17.
603 3168 799 3226 immutationes
812 3174 1024 3228 verboramur.
1036 3194 1120 3247 τςιπιι.

201 3246 250 3299 Or.
264 3248 292 3297 ii.
301 3248 343 3296 65.
362 3246 391 3296 de
403 3243 538 3305 allegoria.

238 3315 425 3367 inveniann.
463 3310 521 3361 Fin.
535 3311 564 3361 ii.
579 3314 620 3362 17.
1095 3354 1096 3357 ,

236 3384 382 3449 intuamur.
419 3380 476 3432 inv.
493 3382 574 3430 1.11.“
597 3379 723 3446 impediri
744 3381 861 3434 invidia:
879 3383 943 3435 lae.
955 3382 985 3433 in
999 3398 1121 3436 errorem

200 3453 299 3505 ιἰιάιιιὶ.
337 3453 403 3504 suit.
420 3454 459 3501 17.
486 3449 583 3501 nullius
595 3451 719 3502 amicitia
738 3451 863 3516 impediri
882 3452 916 3503 od
939 3452 1121 3518 propulsanda

199 3523 329 3624 Rerieula.
359 3522 427 3579 itur,
439 3521 479 3570 19.
493 3522 524 3569 oti
536 3521 608 3572 nunni
621 3519 804 3571 delectatione
818 3521 978 3587 impedimur
989 3522 1119 3591 negotiis.

228 3590 441 3660 eumiqtinitiuo.
464 3588 524 3643 Ὀι.
537 3591 556 3641 1.
569 3590 612 3641 35.
639 3588 726 3656 pudor
745 3588 861 3658 impedit
872 3591 1024 3660 exquirere.
1061 3580 1121 3644 Of.
