2567 4209
487 321 746 379 murmurum.
1023 333 1085 396 17³

197 483 314 539 Dreros.
350 482 422 537 Phil.
435 483 474 536 iii.
487 485 513 535 9.
532 499 564 534 ea
581 482 663 539 edicto
679 480 722 534 M.
732 481 868 535 Antonii.-
886 482 971 536 Nulla
989 492 1084 540 oontn.

162 556 246 608 melia
257 563 309 614 est,
323 572 403 624 qnam
412 555 479 607 insit
490 553 594 617 dignus.
631 551 712 604 Hune
723 554 817 614 boum,
830 554 862 605 ab
874 553 995 607 manibus
1013 559 1081 610 maie

162 627 330 686 inteileatma,
340 627 446 693 primus
459 623 561 688 egregie
581 622 721 689 supinavit
731 622 759 675 J.
773 621 823 674 Fr.
837 622 952 675 Gruter.
971 642 1083 679 comme·

162 695 274 747 asoratis
286 697 453 762 superiorum
464 693 608 745 serdemiu.
620 691 728 744 Obstru.
741 694 785 746 iii.
794 697 820 745 8.
838 694 885 744 ubi
896 696 1013 756 ostendit,
1026 696 1083 765 dig·

162 779 227 817 num
238 781 290 817 esse
302 767 328 818 b.
337 767 356 817 t.
370 766 416 831 qni
421 766 485 831 jure
501 769 525 815 et
536 763 632 815 mrito
644 768 668 814 et
679 763 734 815 siue
746 760 924 830 adpossem,
937 765 984 829 aui
994 765 1082 818 debeat

150 832 254 901 secere.
268 851 314 887 seu
319 835 392 903 iure,
413 851 458 887 seu
470 834 600 893 irritatus,
613 848 658 885 seu
669 834 701 884 ob
712 839 891 893 messenatae,
904 848 949 884 seu
960 850 1083 899 amenus·

161 919 209 970 que
220 905 250 956 de
262 921 348 966 eausa,
368 905 435 972 quood
446 906 470 956 si
481 904 550 955 alius
555 900 671 970 sanaret.
682 903 839 957 contumelia
854 910 1001 968 putaretur.
1021 906 1036 938 *
1047 905 1083 959 ad

162 973 225 1026 Diu.
239 977 276 1026 xi.
289 980 316 1027 3.
336 978 434 1029 literae
447 990 499 1027 non
511 974 613 1039 dignae.
627 988 696 1043 quae
712 989 728 1023 a
741 980 770 1025 te
791 975 866 1025 nobis
888 974 1080 1027 mitterentur:

160 1044 188 1095 b.
201 1060 227 1096 o.
241 1060 354 1110 ommim
366 1044 529 1097 aoaturaaiiis
538 1043 643 1108 indigni
654 1058 752 1094 sumus.
771 1043 787 1076 *
800 1059 859 1095 cum
864 1043 990 1108 genitivo.
1017 1047 1079 1097 Att.

161 1113 219 1165 viii.
235 1116 276 1165 15.
297 1114 410 1167 Balbin:
430 1115 634 1181 suseipeooram
647 1121 678 1165 et
689 1114 882 1181 cogitationem
898 1114 1083 1178 dignissimam

161 1187 221 1235 tuae
241 1184 356 1237 virtus.
375 1185 455 1237 Baib.
468 1187 493 1236 2.
511 1199 562 1250 pro
578 1183 688 1253 dignam
699 1198 755 1244 reo,
768 1185 799 1236 iu
813 1183 876 1235 Cod.
901 1180 1012 1249 Ergford.
1026 1191 1083 1237 erat

161 1251 270 1322 dignum
283 1256 332 1307 rei.
346 1254 464 1322 Harusp.
478 1253 560 1321 Resp.
573 1256 616 1306 24.
636 1269 717 1305 unum
729 1268 789 1307 esse
802 1257 829 1306 in
838 1254 1012 1306 baoaivitate
1024 1255 1082 1319 dig-

159 1336 228 1443 m
235 1323 313 1391 bajus
324 1326 450 1391 imperim
462 1324 509 1377 ubi
520 1324 572 1376 oid.
582 1324 677 1376 aruo.
687 1322 757 1393 conf.
770 1325 852 1391 impr.
861 1321 955 1375 Heius.
963 1322 1080 1376 adOoid.

210 1392 386 1447 'umba

196 1461 328 1523 Dianam,
347 1466 489 1531 opponitur
500 1485 534 1529 ro
552 1463 687 1532 congredi,
699 1465 741 1516 uti
752 1480 777 1515 o.
790 1479 812 1515 o.
832 1462 868 1519 Q.
886 1462 931 1516 Fr.
942 1465 959 1516 i.
974 1467 1000 1515 3.
1018 1480 1081 1517 oon·

162 1534 264 1599 gressio
283 1540 307 1583 et
318 1533 455 1603 digressio.
493 1534 582 1598 Itaque
594 1535 640 1585 ubi
652 1534 706 1585 olio
717 1547 794 1585 sensu
812 1534 946 1599 reperitur
965 1534 1079 1603 digredi,

163 1605 188 1651 et
206 1599 344 1669 digressio,
366 1605 545 1655 irridendum.-
563 1603 684 1671 degredi,
704 1603 849 1672 degressio.
873 1618 898 1654 u.
919 1597 1023 1656 Duker.
1047 1604 1082 1656 ad

163 1667 239 1720 itm.
253 1671 295 1722 iii.
314 1675 353 1723 16.
372 1679 438 1724 eatr.
461 1672 528 1724 Har.
539 1672 620 1741 Resp.
633 1675 660 1723 2.
679 1675 724 1741 qni
737 1676 864 1725 hesterno
875 1672 920 1724 die
932 1672 1024 1726 dolore
1036 1690 1081 1726 rne

162 1739 266 1791 elatum
283 1746 314 1793 et
335 1742 472 1794 iracundia
484 1742 585 1811 longius
597 1743 743 1807 digressum
755 1744 929 1801 arbitrantur,
942 1759 1023 1810 quarn
1035 1745 1082 1796 ho·

161 1809 1085 1951 dii”bituitit'ttgttzutensitibus

161 1946 201 1997 dit
213 1947 349 2002 Graeoius.
386 1951 432 2003 Er
448 1967 478 2004 ea
489 1958 576 2003 autem
587 1953 687 2015 regula,
696 1967 776 2016 quiam
786 1952 851 2011 disi,
864 1958 888 2004 et
899 1967 979 2018 ossam
990 1954 1083 2006 mutis

162 2016 226 2068 iocis
233 2027 309 2083 urget
320 2021 374 2087 ipse
388 2021 524 2083 Graevius,
537 2022 673 2086 legendum
684 2021 847 2090 degressum.

197 2086 390 2143 Drsamosrro.
428 2092 492 2162 Leg.
506 2096 524 2145 i.
537 2095 580 2144 21.
600 2093 653 2143 ista
665 2107 760 2161 magna
771 2091 922 2159 dijuduatio
934 2096 997 2145 est:
1016 2093 1042 2146 b.
1056 2109 1078 2144 e.

160 2155 238 2222 nujus
248 2160 290 2211 rei
301 2160 452 2227 dijudicatio
463 2164 557 2227 magui
571 2168 608 2214 est
618 2162 754 2214 maurenti.

194 2226 361 2286 Druancras.
397 2231 481 2284 Ared.
495 2234 531 2286 iv.
540 2236 584 2285 20.
611 2233 679 2284 nibil
695 2238 739 2285 est
760 2235 794 2285 ab
813 2248 847 2284 ea
864 2232 1029 2301 cogitatione
1040 2233 1080 2285 di·

154 2294 281 2361 junetius
296 2303 314 2352 i.
324 2318 350 2353 e.
364 2302 389 2353 ei
399 2303 485 2367 magis
498 2303 670 2355 contrarium.

196 2364 328 2432 Dusarem
347 2372 601 2440 removeasey‘ungo.
620 2372 655 2424 ad
666 2371 794 2424 niuis.
813 2376 885 2424 extr.
899 2373 934 2424 ab
951 2367 1080 2425 orationi·

161 2435 210 2488 bas
221 2437 330 2504 diiungo
342 2457 386 2492 me
404 2443 471 2493 fere.
1075 2449 1082 2462 ⁸

195 2505 309 2560 Danum.
345 2510 470 2562 Marcell.
483 2513 508 2560 8.
535 2512 633 2569 omnin,
651 2526 720 2576 quae
739 2510 841 2574 dilapsa
858 2513 916 2576 jam
937 2510 1078 2574 fluxerunt,

161 2578 262 2627 severis
276 2578 378 2644 legibus
388 2578 538 2629 vincienda.
563 2578 642 2629 Codd.
655 2579 694 2628 ibi
706 2578 811 2641 quidam
823 2579 933 2628 babent.-
951 2580 1078 2646 delapsa;
1185 2639 1186 2642 Ἴ

161 2644 204 2692 sed
215 2644 319 2711 dilapsa
331 2654 397 2697 reste
410 2645 523 2713 defendit
536 2646 673 2697 Graevius.
692 2647 735 2696 sed
751 2645 822 2696 Phil.
834 2648 892 2697 xiii.
906 2648 931 2695 5.
950 2653 1012 2699 sunt
1032 2652 1092 2702 alii.

162 2711 262 2775 plures,
276 2713 323 2764 sed
345 2717 475 2766 memoria
487 2731 547 2766 mea
559 2716 719 2766 ditabuntur.
739 2715 891 2777 legendum:
909 2714 1078 2771 delabuntur.

162 2778 253 2832 Diiabi
266 2782 337 2833 enim
349 2798 402 2833 aon
413 2790 450 2834 est
461 2783 586 2844 defluere,
597 2786 640 2835 sed
650 2784 785 2841 difflueres
806 2785 874 2848 duod
885 2785 964 2837 stiam
975 2787 1005 2837 in
1017 2789 1080 2841 reli·

163 2850 220 2913 qun
241 2850 303 2902 loeis
323 2853 464 2904 scribendis
483 2855 629 2905 tenendum.
678 2853 826 2905 *Heroon
846 2856 931 2905 into.
961 2859 1079 2910 maxima

161 2924 276 2985 peecata
289 2924 397 2987 impune
405 2922 559 2973 dilaberetur.

197 2989 357 3042 Drasrsns.
383 2991 512 3044 Paradox.
526 3008 645 3059 prooem.
657 2991 726 3043 Cato
738 2992 969 3061 nuliumsequitur
985 2996 1077 3049 florem

161 3060 302 3120 orationis.
312 3076 400 3129 neque
417 3060 509 3113 dilatat
527 3068 731 3131 argumentum:
752 3063 770 3113 i.
783 3078 808 3112 e.
828 3063 980 3129 amplificat,
1001 3074 1077 3130 auget

161 3130 287 3181 ornando.
306 3131 386 3184 Brut.
401 3133 442 3182 74.
455 3132 564 3184 dilatare
578 3133 680 3188 literas.
691 3132 830 3183 estoitium
840 3134 1075 3197 pronunciationis.

174 3198 341 3256 Umerus.
359 3215 462 3265 pareus,
476 3204 517 3255 rei
527 3198 683 3267 familiaris
704 3203 889 3253 conseruandae
900 3210 926 3254 et
945 3205 1076 3267 augendae

161 3269 297 3321 studiosus.
334 3269 412 3322 Verr.
426 3273 444 3322 i.
459 3274 500 3323 43.
528 3273 573 3340 qui
595 3272 623 3322 in
642 3286 672 3322 re
692 3271 846 3323 adventicia
863 3278 894 3324 et
914 3274 1078 3327 hereditario

162 3345 219 3390 tam
232 3339 342 3403 diiigeas
353 3345 382 3391 et
403 3346 525 3393 attentus
537 3344 619 3394 esset.
638 3339 704 3393 ibid.
718 3343 743 3392 9.
762 3343 815 3393 eris
827 3342 947 3407 diligens,
959 3359 1004 3395 ne.
1017 3344 1035 3394 i.
1049 3361 1074 3397 e.

162 3407 270 3465 carebis,
289 3407 362 3460 Coei.
377 3414 419 3462 31.
438 3411 652 3475 diligentissimus
663 3412 749 3462 omnis
760 3411 849 3462 officii.

197 3475 379 3535 Dimaduere.
395 3480 567 3545 prouidentia.
604 3481 669 3549 Agr.
683 3480 711 3531 ii.
721 3482 765 3531 27.
784 3486 827 3533 est
835 3495 934 3549 operae
945 3485 1072 3549 pretium,

162 3545 326 3608 diligentiam
339 3552 466 3615 majorum
487 3548 631 3601 reeordari.
668 3549 728 3601 Mil.
745 3552 788 3600 24.
809 3551 949 3603 laudabam
965 3554 1074 3618 diligen·

162 3616 229 3669 tiara
241 3613 289 3665 Cn.
304 3613 434 3685 PompeJi.
453 3617 468 3650 *
480 3619 595 3671 studium
606 3619 737 3682 augendae
752 3625 776 3671 et
786 3621 924 3675 seruandae
936 3623 977 3677 rei
984 3621 1074 3691 sami-

201 3702 311 3756 ruoax,
329 3705 399 3745 voa.
421 3707 442 3745 1.
642 3693 679 3746 15
700 3686 718 3724 ⁴¹¹
761 3725 763 3728 -
