2567 4209
494 323 744 382 LATINITATIS.
1028 330 1082 392 Ὶ’98

155 483 292 547 pervenit.
318 497 342 534 a.
356 481 395 534 iti
412 479 518 534 Manui.
544 484 749 538 Adhaereseere
766 484 799 536 ad
823 486 973 538 columnam
993 482 1079 548 igitur

156 556 200 608 est,
211 557 321 617 propter
339 568 381 604 aes
397 552 514 604 alimum
526 554 559 603 ad
570 556 719 606 calumumn
730 553 851 607 Meuium
862 555 959 613 deduci,
972 570 1017 606 mc
1029 555 1079 607 sol-

155 634 214 669 uere
227 619 341 672 deditum
357 637 448 687 posse.-
472 622 600 687 allegoria
622 624 699 675 ducta
717 627 749 677 at
764 625 822 681 dic,
835 626 880 689 aui
903 625 933 675 iu
952 624 1078 676 calumnis

154 688 300 740 maritimis
311 691 505 750 adiamcscuut,
518 695 544 743 lc.
557 708 580 742 e.
593 692 627 743 ad
634 709 677 744 aas
688 694 755 745 illisi
765 691 1059 762 naufragiumsaciuut.

189 756 412 812 Coeununuwu.
433 763 494 813 Att.
507 762 565 814 xiii.
579 763 605 812 6.
623 762 818 814 columnarium
837 762 907 820 vide.
928 779 962 814 ne
974 764 1077 815 nullum

154 824 322 880 debeamus:
347 846 510 898 quamquam
531 832 597 883 mihi
610 831 705 883 videor
715 832 820 885 audisse
841 849 858 885 a
878 831 993 884 Camillo
1005 848 1077 884 com·

155 902 289 950 mutatam
308 914 368 951 esse
389 901 485 968 legem.
523 898 573 951 Est
589 907 677 951 autem
697 902 814 965 ucdigal.
828 902 895 966 arcad
906 902 1017 953 soluitur
1026 917 1077 966 pro

152 966 282 1017 calumnis
293 968 414 1033 simules,
424 969 581 1029 immitam,
593 977 623 1021 ut
633 971 744 1030 uidetur,
757 972 811 1035 lage
828 971 975 1022 suuituaria
986 969 1079 1022 Caeso·

175 1034 182 1046 Ο

154 1049 201 1093 ris,
216 1038 283 1105 quod
300 1039 381 1089 nimii
403 1045 502 1090 sumtus
523 1040 553 1090 iu
572 1040 812 1106 calumnisficrmt.
829 1041 881 1092 uid
903 1039 1034 1091 Burman.
1046 1040 1079 1092 de.

154 1105 246 1166 uectig.
260 1104 297 1156 R.
304 1122 332 1171 p.
345 1110 406 1159 205.

188 1171 400 1236 consumemus,
427 1178 468 1228 ad
483 1177 589 1230 Divers.
610 1179 668 1231 viii.
689 1181 714 1230 9.
739 1179 860 1233 Nalote
881 1184 978 1245 putare
990 1177 1076 1231 Favo-

153 1244 228 1293 nium
241 1260 257 1294 a
269 1246 439 1298 columnariis
451 1249 630 1313 praeteritum
642 1264 711 1301 esse.
747 1250 875 1317 Optimus
887 1251 999 1317 quisque
1011 1265 1077 1304 eum

153 1326 204 1362 nou
218 1312 293 1365 feeit.
330 1315 458 1381 Apparet,
473 1314 562 1382 fuisse
580 1318 609 1369 de
627 1320 699 1384 pleds
719 1320 845 1380 homiues,
865 1319 964 1370 nuliius
981 1318 1073 1385 pretii,

154 1380 225 1444 iique
237 1389 284 1433 aul
301 1392 441 1450 propterca
454 1387 614 1439 columnarii
625 1388 696 1447 dicti,
710 1389 827 1454 quodibi
847 1389 889 1441 roi
906 1394 994 1448 esseut,
1008 1386 1072 1457 (uid.

153 1448 293 1523 Columna)
306 1461 335 1505 ut
346 1455 449 1506 uidetur
461 1454 585 1507 lllauutio
597 1457 664 1509 adh.
678 1457 696 1508 l.
709 1459 827 1523 aliisque.
840 1464 894 1518 aut,
908 1458 975 1523 quad
982 1458 1072 1524 potius

153 1521 317 1581 credideram,
331 1524 394 1588 quia
406 1525 547 1576 circaeam
559 1527 709 1578 columnam
720 1527 887 1594 otiisadcadi
899 1543 976 1578 casua
987 1541 1073 1579 uersa·

154 1596 255 1650 rentur,
268 1592 368 1644 similes
380 1595 556 1645 subrostrauis
568 1602 593 1645 et
604 1597 811 1655 mrdbosilicauis‚
824 1602 920 1661 quaest
932 1597 1001 1663 ipsos
1013 1597 1072 1648 iuda

152 1658 233 1710 dictas
252 1661 355 1722 scituris,
381 1665 448 1728 quod
467 1665 632 1729 prorostris
652 1672 677 1716 et
699 1666 733 1716 ad
755 1666 876 1717 basiliam
889 1681 939 1716 csse
952 1667 1071 1717 solerent.

151 1727 413 1849 gomerciumuutur
433 1735 514 1785 turba
533 1734 640 1794 lurensi,
662 1736 743 1801 plebe
763 1736 872 1794 urbana,
893 1735 922 1785 da
935 1750 986 1798 qiua
997 1749 1071 1800 saepe

174 1813 253 1851 uero.
609 1812 614 1821 ·
834 1812 850 1824 ’·

183 1866 349 1922 Cuueuuum
386 1873 447 1924 ntt.
462 1873 498 1924 ri.
514 1879 537 1926 1.
564 1890 657 1926 numos
679 1876 790 1942 alicujus
803 1875 941 1925 corucdcrc.
961 1872 994 1924 ad
1007 1871 1069 1923 Diu.

150 1938 187 1988 ix.
199 1940 242 1988 20.
262 1954 296 1991 ne
309 1946 356 1992 tua
372 1943 441 1995 boue
453 1944 589 2004 comedim,
607 1945 713 2009 autiqru
730 1961 781 2010 pro
798 1942 956 1996 comedam:
975 1942 1005 1991 de
1021 1955 1074 2004 auo

141 2004 240 2072 sorum
251 2026 275 2060 v.
286 2008 380 2062 Heius.
394 2013 428 2063 ml
442 2010 471 2063 V
468 2012 522 2076 irg.
532 2011 601 2064 Asu.
615 2014 664 2065 aii.
675 2016 734 2065 eol.
770 2013 847 2065 Bona
858 2027 905 2063 sua
917 2008 1069 2070 comedere,

150 2077 234 2128 etiam
247 2078 281 2129 ed
294 2078 355 2130 Div.
365 2082 403 2132 xi.
416 2083 459 2132 21.
473 2082 595 2133 occumd.

184 2145 283 2198 Comus.
320 2147 380 2201 Fin.
394 2151 477 2201 itis.
497 2152 577 2202 comis
598 2153 625 2203 in
647 2153 774 2204 amicitiis
797 2152 912 2204 tacendis.
948 2148 1073 2201 Ueterum

151 2215 197 2280 qui
213 2218 297 2269 comis
316 2219 426 2279 dicatur,
447 2220 510 2284 quid
528 2222 563 2273 sit
578 2224 703 2283 comiter,
724 2222 837 2274 declarat
852 2220 943 2273 Cicera
967 2220 1030 2285 ipse.
1043 2235 1071 2269 v.

148 2286 272 2338 comiter.

183 2354 364 2410 Comsssumo.
401 2359 471 2412 Mur.
480 2363 506 2411 6.
532 2359 634 2412 Catu.
653 2363 679 2412 5.
696 2361 894 2414 cstccuuiaium
912 2365 1070 2410 nocturnum

150 2427 338 2489 tempestiuum,
353 2429 479 2495 inprimis
488 2432 654 2495 compotatio.
667 2446 727 2481 oum
737 2431 874 2493 argolicae
883 2435 1011 2481 uouuma
1020 2442 1074 2493 per·

148 2494 221 2545 urbis
238 2496 307 2548 uicos
319 2504 344 2548 et
363 2500 471 2564 pluteos,
485 2500 608 2551 adhibitis
624 2501 705 2551 taedis
721 2508 745 2550 st
757 2500 922 2567 mmptauia.
935 2514 960 2549 a.
973 2495 1069 2548 Lami.

151 2562 204 2628 Bos
215 2565 244 2615 dc
255 2568 332 2617 ucria
343 2567 452 2635 munior
463 2569 493 2619 iu
505 2568 624 2622 Eacrcit.
634 2569 668 2618 ad
680 2567 718 2618 N.
734 2568 768 2618 T.

182 2633 370 2688 Comissmoe.
409 2638 496 2690 Attic.
510 2639 529 2688 i.
540 2640 580 2689 16.
599 2637 776 2689 comissatores
788 2636 988 2704 conjurationis.
1024 2702 1031 2714 ι

181 2703 336 2757 Communi.
365 2704 447 2757 Tusc.
460 2724 486 2758 v.
499 2709 542 2758 24.
562 2707 647 2759 tardis
659 2708 795 2759 mentibus
804 2706 890 2759 virtus
899 2718 952 2757 uon
963 2708 1069 2755 cornuo-

147 2779 200 2825 tur.
236 2773 391 2827 Sicelilid.
405 2781 474 2827 estc.
488 2780 530 2827 31.
652 2825 656 2832 ,
773 2795 776 2800 ’

179 2843 343 2896 Comminus
372 2844 424 2910 adj.
444 2845 524 2897 Tuse.
534 2862 560 2898 v.
570 2848 613 2897 39.
633 2862 715 2912 puero
726 2845 947 2904 unokcomitatior.
1050 2910 1057 2923 .

181 2913 355 2973 Comminus,
376 2914 434 2965 liin.
449 2917 477 2966 ii.
491 2919 533 2966 34.
551 2914 615 2984 quid
627 2930 694 2980 opus
702 2922 744 2967 est
757 2919 834 2968 tanto
843 2917 976 2966 victutum
987 2926 1068 2963 comr-

147 2987 203 3033 tatu
215 2984 229 3033 l
247 2984 404 3037 Antecessit
416 2985 624 3036 instrumentum
638 2985 665 3035 in
673 2986 784 3051 optimis
796 2985 900 3036 astibus
912 2995 1068 3047 comparau-

147 3051 187 3103 dis
199 3055 372 3106 honestorum
385 3053 535 3106 studiosum
555 3069 706 3110 concussus,
719 3058 775 3106 ete.
794 3053 809 3086 *
821 3054 851 3105 de
859 3050 1020 3117 adjutoribus
1032 3056 1069 3100 est

137 3120 271 3173 Marcell.
290 3129 315 3173 4.
326 3133 435 3175 ceterae
448 3124 517 3176 duce
530 3127 559 3176 te
571 3129 664 3192 gestae
677 3129 739 3175 suut
751 3138 863 3192 magnae
875 3122 938 3174 illue
949 3117 1067 3200 quidem,

147 3191 193 3242 sed
207 3194 299 3243 temen
312 3193 398 3244 multo
410 3209 557 3263 magnoque
570 3195 704 3244 comitatu.
724 3191 739 3225 *
753 3192 831 3246 Verr.
846 3193 885 3244 iii.
899 3195 925 3242 8.
956 3192 1069 3241 comita·

146 3264 205 3311 tum
217 3277 359 3328 quaerere,
374 3265 391 3313 i.
405 3278 431 3314 e.
453 3264 499 3327 qui
511 3263 624 3330 ejusdcm
635 3263 670 3314 sit
682 3263 846 3323 conditionis,
858 3259 998 3328 fortunae,
1011 3262 1066 3340 etc.

179 3329 315 3383 Canium
334 3332 396 3396 quid
407 3332 659 3399 siguificmdacetur
675 3348 726 3398 pra
738 3331 826 3386 Balbo
841 3335 883 3384 16.
900 3343 992 3394 mmm
1012 3342 1068 3379 scm

145 3398 332 3452 dommulum
347 3399 441 3453 Graec.
455 3402 516 3455 adl.
530 3400 775 3455 cDraleadLiu.
789 3417 849 3454 aaa.
867 3403 909 3452 12.
941 3397 1068 3450 Dulcerm

145 3469 179 3519 ud
190 3470 266 3520 cuod.
280 3470 391 3522 dccciii.
408 3476 449 3524 11.

180 3536 309 3589 Comicus
328 3539 387 3591 Pro
398 3538 429 3591 C.
443 3544 473 3592 et
490 3539 545 3593 Pro
557 3540 609 3593 Pr.
623 3548 692 3602 suut,
706 3556 770 3607 quae
782 3546 806 3592 et
818 3541 912 3592 cohors
932 3537 1068 3605 praetoria

136 3606 252 3659 dicitur.
273 3622 297 3660 u.
320 3623 416 3673 supro:
440 3608 578 3678 praefacti,
599 3611 702 3666 rudici.
728 3610 836 3670 soritae,
860 3606 1067 3674 haruspicesad

146 3676 207 3729 A‘tt.
221 3676 258 3728 vi.
273 3679 314 3728 11.
324 3677 406 3748 legati
419 3684 449 3733 et
460 3681 594 3750 preelecti
605 3682 775 3735 acemitibus
788 3679 996 3744 distinguumur.
