2567 4209
392 271 478 330 50
1162 259 1413 315 INDEX.

380 421 544 491 facit,
571 428 629 474 ut
651 437 769 475 eum
792 420 982 474 malint
1006 435 1182 473 omnes
1203 426 1469 472 auctorem
1489 418 1651 485 sequi.
1700 417 1919 471 Cluent.
1947 420 2033 472 55.
2052 420 2241 474 vident

393 494 754 546 auctoritatem
779 493 929 560 hujus
945 490 1143 543 ordinis
1167 489 1486 543 confirmari.

465 564 1006 615 Auc'rommnwrum.
1038 561 1274 626 pretium
1322 565 1413 611 aut
1452 574 1645 611 merces
1669 559 1944 620 auctorati,
1965 561 2019 615 h.
2039 578 2084 613 e.
2111 560 2239 628 ejus,

395 634 486 700 qui
520 649 571 684 se
611 648 707 683 sua
728 637 903 697 sponte
927 630 1091 682 alicui
1113 630 1174 682 in
1204 630 1504 681 sev-vitutem
1526 626 1741 690 addixit,
1767 628 2018 695 inprimis
2042 631 2110 682 ad
2124 632 2244 695 gla-

394 704 559 755 dium.
631 700 844 753 Nomen
889 700 1007 752 inde
1053 700 1279 759 ductum,
1330 698 1465 764 quod
1508 697 1576 749 sit
1621 697 1730 764 ipse
1766 705 1949 751 auctor
1987 699 2243 752 libertatis

394 771 724 825 amittendae.
813 769 964 822 Offic.
992 771 1029 821 i.
1056 772 1140 821 42.
1180 768 1282 820 Est
1321 769 1467 821 enim
1493 767 1601 819 illis
1626 770 1743 835 ipsa
1768 783 1976 821 merces
2001 776 2240 821 auctora-

397 848 635 895 mentum
658 840 959 892 servitutis.
994 840 1101 891 vid.
1125 837 1350 890 Salmas.
1376 838 1433 890 dc
1456 837 1595 889 mod.
1631 836 1789 889 Usur.
1811 853 1869 904 p.
1895 841 2014 890 861.
2040 854 2148 904 sqq.

465 911 776 962 Auernum.
813 908 1028 961 Caecin.
1060 911 1140 960 18.
1166 909 1337 961 verba
1357 906 1631 973 aucupari.
1652 908 1689 959 i.
1708 923 1759 959 e.
1778 908 1943 960 nimis
1965 910 2134 960 verbis
2158 907 2241 959 in-

398 982 610 1033 haerere
631 981 690 1031 in
713 978 1116 1044 interpretando,
1143 984 1191 1029 et
1213 978 1293 1029 ita
1314 976 1651 1028 calumniari.
1690 978 1814 1029 Att.
1839 979 1913 1029 vi.
1941 981 1997 1032 8.·
2017 992 2244 1045 aucupa-

398 1051 528 1102 turi.
568 1063 775 1101 eramus
801 1048 1223 1115 tranquillitates
1248 1045 1463 1117 (maris)
1490 1049 1526 1097 i.
1546 1062 1598 1098 e.
1624 1049 1968 1113 exspectaturi
1985 1046 2137 1100 Sext.
2155 1049 2241 1098 56.

398 1122 544 1171 omni
570 1135 639 1171 ex
663 1129 860 1185 genere
883 1119 1184 1171 orationem
1203 1116 1479 1183 aucupari.
1506 1116 1544 1167 i.
1570 1131 1621 1167 e.
1647 1117 1928 1169 materiam
1953 1118 2117 1169 nimis
2138 1124 2246 1169 stu-

394 1189 537 1240 diose
563 1202 824 1254 quaerere,
852 1187 912 1238 in
947 1202 1047 1251 qua-
1073 1192 1382 1237 ornamenta
1404 1186 1576 1238 locum
1598 1188 1835 1245 habeant.
1861 1187 1921 1238 in
1945 1202 2048 1252 qua
2069 1193 2117 1237 te
2128 1186 2245 1252 jac-

400 1264 517 1309 tare
553 1257 739 1323 possis·
787 1258 858 1308 cf.
894 1256 1024 1308 Act.
1068 1257 1104 1307 i.
1150 1256 1205 1307 in
1244 1255 1402 1307 Verr.
1445 1258 1497 1307 3.
1531 1256 1711 1308 omnia
1751 1257 2034 1325 colligeret
2077 1260 2246 1324 atque

396 1331 767 1393 aucuparetur.
792 1343 842 1378 υ.
869 1324 1035 1377 Gron.
1061 1323 1262 1376 adSen.
1290 1324 1536 1377 Comrov.
1560 1328 1648 1378 21.
1675 1325 1838 1377 Hinc.

473 1397 791 1448 Aucm‘rmu.
863 1396 960 1447 Or.
993 1397 1081 1447 25.
1107 1393 1392 1461 aucupium
1415 1394 1798 1448 delectationis
1820 1398 1881 1447 et
1904 1393 2246 1464 quadrandae

398 1465 656 1519 orationis
683 1465 961 1517 industria.
988 1465 1024 1516 i.
1050 1481 1101 1516 e.
1125 1464 1360 1515 nimium
1397 1464 1628 1517 studium
1666 1465 1920 1516 auditoris
1944 1463 2243 1516 delecta-ndi.

401 1536 621 1588 Caecin.
647 1537 734 1586 23.
760 1534 988 1600 aucupia
1010 1535 1298 1586 verborum
1323 1537 1385 1585 et
1417 1535 1697 1587 literarum
1722 1533 2047 1587 tendiculae.
2073 1549 2127 1585 v.
2151 1548 2247 1583 au-

286 1611 297 1621 ·
403 1605 608 1672 cupari.
680 1604 711 1637 *
735 1603 780 1655 F
784 1604 855 1656 in.
883 1619 937 1656 v.
965 1606 1048 1656 11.
1085 1602 1398 1656 Philocteta
1438 1605 1771 1674 propagabat
1809 1604 1981 1657 vitam
2021 1602 2247 1669 aucupio

401 1692 429 1728 s
498 1676 741 1726 ittarum.

430 1691 828 1796 agAumcr‘rnn.
900 1742 1058 1795 Rosc.
1101 1742 1229 1795 Am.
1272 1747 1360 1796 34.
1397 1742 1549 1796 Coel.
1590 1745 1638 1795 6.
1693 1742 1911 1796 Senect.
1951 1745 2038 1795 20.
2075 1739 2169 1791 ubi
2192 1758 2242 1793 v.

405 1813 595 1866 Gracv.
637 1820 685 1865 et
709 1813 856 1865 Guil.
884 1810 1011 1867 Imt.
1035 1810 1159 1864 Itiv.
1185 1814 1320 1865 xxii.
1346 1815 1432 1865 25.
1460 1814 1603 1880 inpr.
1630 1811 1931 1865 Dukerum.
1958 1809 2248 1872 Quintilia-

404 1899 520 1942 nus,
570 1884 777 1948 quidem
823 1881 909 1933 iii.
961 1884 1045 1933 17.
1097 1881 1359 1948 improbat
1405 1889 1455 1934 et
1498 1882 1764 1936 neminem
1822 1881 2113 1933 oratorum
2169 1881 2246 1933 sic

404 1952 596 2005 dixisse
619 1954 712 2004 ait.

474 2022 820 2073 Annmwru.
859 2020 914 2072 in
952 2019 1156 2074 Caecil.
1184 2023 1266 2072 13.
1308 2020 1631 2072 audientiam
1670 2021 1773 2072 sibi
1820 2020 2019 2073 facere.
2046 2022 2118 2075 cf.
2145 2022 2243 2075 Or.

409 2090 469 2143 ii.
496 2092 582 2141 80.

480 2161 681 2209 Arrun.
721 2161 978 2221 t'l'ff·g'flntcr
999 2160 1285 2220 adhibetur,
1312 2175 1433 2211 mun
1472 2158 1793 2212 concedimus
1828 2160 2125 2214 adversario
2148 2162 2249 2213 ali-

408 2229 544 2293 qum,
572 2237 629 2277 m.
657 2233 721 2277 ris*
741 2253 753 2277 .-
793 2237 909 2289 fsto,
935 2229 1004 2281 sit
1025 2230 1119 2280 ita.
1160 2229 1316 2281 Verr.
1343 2230 1400 2281 ii.
1427 2230 1511 2281 59.
1538 2232 1623 2281 60.
1643 2228 1801 2281 Rosc.
1820 2229 1944 2282 Am.
1966 2234 2049 2283 18.
2086 2231 2118 2264 *
2142 2246 2247 2283 non

408 2297 581 2353 antlia.
613 2305 681 2346 css
709 2298 937 2361 repudio,
965 2297 1105 2365 quod
1144 2297 1351 2351 dictum
1375 2303 1480 2351 est.
1505 2298 1576 2350 cs.
1617 2297 1773 2351 Verr.
1800 2299 1879 2350 iii.
1904 2302 1991 2351 34.
2064 2300 2096 2335 *
2120 2300 2245 2351 Fat.

408 2373 460 2418 3.
492 2385 685 2433 ptinere
717 2369 777 2417 ati
805 2368 934 2429 mind
956 2372 1014 2419 te
1038 2367 1251 2418 audiam
1274 2384 1349 2419 sc.
1375 2368 1670 2421 dicentem.
1766 2366 1798 2401 *
1821 2368 1917 2421 Or.
1945 2369 2002 2421 ii.
2030 2372 2078 2421 7.
2104 2368 2246 2438 quod

412 2453 468 2489 Ec
496 2437 548 2485 fu
577 2453 693 2485 :eum
717 2437 934 2497 cristine,
958 2436 1202 2488 dixisset.
1231 2438 1266 2487 i.
1291 2439 1664 2503 reprehensum
1687 2453 1807 2490 esse.

480 2509 745 2557 Aasm‘rm.
785 2521 985 2558 τιηηον.
1023 2505 1207 2557 Plane.
1244 2508 1337 2558 23.
1362 2507 1651 2560 auditiones
1685 2506 1863 2561 fictae.
1888 2507 1956 2560 ad
1980 2506 2102 2560 Div.
2129 2507 2244 2560 viii.

412 2581 460 2625 ἲ.
484 2577 847 2629 tenuissimffln
873 2575 1190 2629 auditionem
1207 2574 1277 2627 de
1303 2592 1369 2627 ea
1386 2592 1445 2629 re
1462 2578 1669 2645 accepi.
1710 2577 1741 2611 *
1761 2576 1918 2630 Verr.
1939 2580 1975 2629 i.
1994 2580 2077 2629 46.
2097 2577 2248 2629 audi·

412 2645 548 2697 simu·
572 2661 637 2693 cx
649 2653 833 2709 petr-rr
861 2645 1042 2710 coepit
1060 2644 1338 2705 seminam,
1365 2646 1402 2698 i.
1429 2662 1480 2699 e.
1507 2663 1626 2700 cum
1649 2653 1853 2699 tantum
1868 2648 2106 2708 audisset,
2131 2660 2249 2698 eam

388 2713 698 2781 formosum
725 2733 841 2761 msc.
873 2729 916 2763 v.
949 2712 1009 2765 V
1002 2730 1106 2764 err.
1133 2714 1204 2765 iv.
1231 2717 1317 2767 46.

484 2785 761 2833 Arum-nn.
805 2781 956 2832 Dum.
975 2784 1062 2834 24.
1085 2784 1178 2835 ille
1202 2798 1272 2835 ne
1296 2786 1506 2838 auditor
1527 2786 1745 2854 quidem
1769 2803 1895 2839 suae
1910 2786 2129 2855 gloriae,
2148 2801 2253 2854 ego

412 2853 581 2901 etiam
609 2861 884 2917 spaciatur
908 2866 1061 2903 meae
1087 2852 1258 2906 laudis
1282 2870 1402 2907 esse
1426 2858 1738 2923 potuissem.

480 2921 737 2970 Arum.
809 2921 968 2972 Tusc.
998 2922 1069 2973 iv.
1101 2926 1180 2974 11.
1208 2927 1509 2992 aegrotatio
1532 2923 1685 2976 amelli
1708 2939 1811 2975 non
1835 2925 2035 2990 potest.

488 2989 564 3041 ὴν
581 3005 797 3041 anunm:
841 2991 1119 3053 pecuniam
1160 3006 1194 3043 a
1217 2994 1393 3045 sociis·
1467 2992 1623 3045 Verr.
1666 2992 1744 3046 iii.
1773 2994 1855 3044 75.
1896 2992 1982 3042 96.
2023 2989 2245 3056 eripere.

416 3057 520 3109 Sed
551 3061 713 3109 lactis]
741 3061 898 3110 dubia
921 3064 1024 3113 est.

484 3129 769 3177 Ars-usna..
845 3127 997 3181 Vei-r.
1024 3146 1077 3182 v.
1103 3133 1188 3182 68.
1214 3145 1423 3182 aversor
1443 3129 1702 3197 pecuniae
1724 3129 1994 3198 publicae.

484 3197 756 3248 Avensus.
829 3196 924 3249 Or.
969 3199 1026 3250 ii.
1076 3203 1161 3251 63.
1211 3199 1461 3251 adversus
1501 3204 1563 3252 et
1599 3215 1808 3252 aversus
1848 3199 2145 3267 impudicus
2169 3214 2249 3252 ez.

405 3263 580 3328 Tuae.
605 3266 679 3318 iv.
708 3267 790 3317 15.
816 3281 1024 3319 avernis
1047 3285 1080 3320 a
1103 3270 1328 3320 ratione.
1366 3282 1663 3334 repugnans
1686 3269 1901 3323 rationi.

486 3335 818 3386 Ana-rann.
838 3333 1055 3401 furari,
1081 3337 1142 3387 in
1166 3352 1278 3387 rem
1303 3352 1451 3389 suam
1475 3344 1785 3391 convertere.
1872 3337 2032 3391 Verr.
2059 3338 2138 3390 iii.
2166 3340 2251 3389 19.

413 3409 644 3455 wer-tere
684 3405 967 3470 pecuniam
1013 3405 1245 3457 domum.
1271 3405 1411 3457 cons.
1455 3407 1492 3457 i.
1518 3412 1569 3459 4.
1595 3407 1654 3459 ii.
1680 3411 1765 3460 58.
1792 3409 1869 3461 iii.
1896 3410 1980 3459 69.
2072 3406 2104 3441 *
2127 3412 2255 3460 Att.

404 3470 530 3522 xvi.
580 3476 630 3525 7.
671 3473 762 3538 qui
805 3489 894 3524 me
934 3490 968 3525 a
1008 3478 1162 3525 tanta
1185 3472 1404 3527 infamia
1439 3477 1646 3529 avertit.
1673 3478 1709 3529 i.
1735 3496 1787 3532 e.
1807 3477 2097 3543 prohibuit.
2134 3477 2166 3510 *
2190 3475 2259 3529 ad

419 3534 548 3600 Diy.
576 3540 670 3593 xii.
697 3543 749 3593 6.
773 3557 933 3597 omen
954 3548 1188 3597 avertant
1223 3542 1331 3598 Dii.
1361 3541 1629 3614 somnula,
1667 3562 1774 3615 qua
1815 3549 2109 3610 utebantur,
2142 3559 2262 3603 cum
