2567 4209
486 318 737 374 LATlNl'I'ATlS.
1008 332 1067 389 119

148 478 318 532 uncrsoritus
329 476 392 545 ejus,
405 476 451 542 qui
468 476 570 544 judicio
582 478 634 529 sice
651 477 759 543 privato
771 476 823 529 sice
839 478 944 542 publico
953 489 1063 545 praeest.

147 549 223 602 Hinc
243 547 357 600 Praetor
377 561 438 599 cum
458 547 578 607 consilio,
593 549 741 614 imperator
761 562 822 599 cum
843 549 953 601 consilio
972 550 1080 603 decern

148 620 307 687 legatorum,
330 622 384 669 etc.
433 616 479 667 Or.
506 617 524 667 i.
545 617 590 668 26.
616 618 757 668 consilinm
780 616 949 670 dimittere:
974 618 1067 672 Rabir.

147 685 228 739 Perd.
245 689 271 739 2.
292 689 347 739 etc.
369 686 509 737 consilinm
529 686 675 756 publicum,
688 688 718 737 de
730 692 819 736 senatu
831 705 840 735 .·
859 687 901 737 sed
912 686 990 739 Rosc.
1003 690 1066 740 Am.

149 758 191 809 52.
209 755 346 822 dejudioio
358 755 465 807 dicitur.
484 754 671 806 *deliberotic
710 754 786 807 Verr.
809 757 827 806 i.
846 757 872 806 9.
898 755 1006 809 Cluent.
1024 762 1066 810 30.

149 828 261 878 mittere
272 828 299 877 in
307 825 455 884 consilium,
469 825 574 884 dicitnr,
588 839 649 876 cunc
660 826 692 884 is,
706 824 752 890 qui
761 831 864 891 praeest
869 825 980 890 judicic,
994 841 1069 891 pero·

148 902 208 947 roto
220 910 297 946 conso
311 894 386 960 judei
399 894 500 960 judices
512 892 758 959 sententiamserre.
796 893 828 944 ld
837 893 923 958 fiebat
934 895 1000 946 olim
1009 904 1069 961 post

149 964 360 1016 deliberationem
371 978 544 1024 communem,
557 963 630 1030 cujus
649 964 789 1028 uestigium
808 964 923 1028 reperies
935 963 1012 1017 Vcrr.
1027 966 1066 1017 iii.

150 1036 193 1086 12.
212 1032 285 1099 cujus
295 1039 404 1098 potestus
417 1033 560 1098 ucnrfieret
575 1049 592 1083 o
601 1039 731 1098 praetore,
744 1034 775 1085 in
786 1033 925 1085 consilium
937 1035 1008 1085 mitti
1021 1034 1068 1099 ju-

149 1103 217 1154 dices
226 1102 383 1153 dicebantur.
419 1100 476 1167 Ipsi
487 1109 574 1154 cedern
579 1102 681 1168 jscdices
692 1103 815 1154 dicuntur
827 1104 867 1154 irc
889 1102 915 1154 in
928 1103 1068 1155 corniliurn

149 1171 232 1223 Catil.
247 1173 265 1222 i.
280 1175 303 1240 l.
323 1171 423 1239 publici
435 1172 540 1223 consilii
552 1173 689 1239 particeps
701 1172 807 1231 dicitur,
825 1171 870 1236 qui
885 1171 992 1223 interest
1003 1173 1067 1225 deli·

149 1241 326 1293 lerotionitus
345 1246 455 1292 sendus.
491 1237 569 1293 Verr.
595 1241 613 1293 i.
637 1244 678 1291 ll.
706 1240 813 1293 Cluent.
835 1242 878 1292 20.
906 1240 922 1273 *
931 1242 1067 1306 publicum

150 1309 290 1363 consilium
303 1316 339 1361 est
358 1310 438 1361 etium
456 1308 584 1362 decretum
604 1316 716 1362 senatus.
753 1311 832 1364 Verr.
843 1310 871 1361 ii.
885 1313 909 1361 5.
930 1312 1003 1363 nulla
1014 1313 1068 1363 alio

150 1380 247 1432 civitas
260 1380 369 1446 publico
381 1379 488 1430 consilio
501 1380 600 1432 laudnt
620 1378 764 1431 *callidum
776 1382 920 1432 incentum.
955 1380 1021 1433 Nat.
1031 1381 1068 1442 D.

150 1449 189 1501 iii.
202 1452 227 1500 6.
245 1449 384 1503 consilium
397 1450 609 1530 imperatorium.
620 1447 669 1500 Gr.
679 1468 837 1519 πςατηημσ.
854 1448 870 1481 *
877 1449 1027 1514 prudentio,
1036 1467 1067 1503 eo
1084 1480 1087 1484 ·

141 1515 262 1584 facultas
284 1518 379 1577 animi,
401 1533 445 1568 cuc-
464 1520 605 1583 prudentio
627 1518 703 1570 inest.
751 1517 857 1570 Muren.
872 1521 913 1570 12.
939 1521 1066 1573 mulieres

150 1586 586 1709 prgtsssrgrwrgzrgrutfeurrnrecogollrg
603 1657 707 1724 sanguis
717 1657 841 1708 concutit.
855 1656 870 1691 *
882 1658 1004 1711 desinere.
1018 1660 1065 1711 Or.

150 1728 169 1779 i.
184 1730 208 1777 i.
227 1727 341 1780 ambitio
353 1726 478 1777 consistet.
514 1724 620 1779 *Tusc
634 1728 706 1778 izi.
723 1727 809 1776 omnis
830 1730 926 1778 natura
945 1730 1067 1779 consistat

150 1800 268 1863 oportet.
294 1795 328 1847 ad
349 1793 411 1847 Diu.
424 1797 472 1848 rii.
484 1797 528 1847 26.
553 1797 653 1867 tragg‘oe
670 1794 762 1860 coepit
781 1796 927 1846 consistere.
954 1795 1010 1847 *de
1022 1797 1065 1856 iis,

151 1866 197 1931 cui
208 1866 259 1917 sihi
270 1863 422 1930 obviisocti
432 1865 621 1928 collopenntnr.
661 1863 755 1916 Acti.
769 1864 796 1914 in
810 1863 887 1916 Veri.
898 1867 923 1916 7.
941 1881 1004 1917 cunr
1016 1867 1067 1918 hoc

57 1945 59 1952 “
152 1934 276 1994 consistit,
289 1936 360 1986 hunc
372 1934 550 2001 amplexatur,
563 1934 645 2001 jubet
657 1936 713 1986 sine
725 1949 790 1985 cura
801 1949 870 1985 esse.
889 1932 1065 1986 *immorari

151 2002 229 2056 Vcr'r.
243 2006 262 2056 i.
271 2006 314 2057 33.
334 2006 361 2056 in
373 2019 426 2056 uno
438 2005 544 2056 nomine
557 2003 705 2054 consutam.
732 1995 831 2056 Parsis.
848 2005 891 2055 35.
910 2004 1028 2055 consistet
1039 2005 1067 2057 in

147 2075 271 2141 cingulis.
306 2071 322 2106 *
335 2073 414 2126 Roso.
428 2073 491 2125 Am.
504 2076 548 2125 52.
567 2088 618 2126 non
631 2071 710 2125 modo
722 2074 795 2124 nulla
806 2073 894 2139 culpa,
908 2072 954 2124 sed
967 2088 1001 2125 ne
1012 2088 1068 2125 sus·

149 2143 220 2209 picto
232 2142 363 2210 quaedam
384 2146 474 2210 potuit
493 2143 638 2198 consistere.
675 2141 783 2194 Cluent.
796 2145 839 2194 29.
859 2143 953 2194 similis
966 2143 993 2194 in
1006 2145 1067 2196 aliis

152 2213 283 2265 nonnullis
302 2213 414 2279 suspicio
433 2213 592 2264 cousutebct.
619 2212 636 2245 *
648 2228 700 2264 non
720 2215 866 2264 consistere
878 2212 1008 2273 diturum,
1021 2214 1068 2278 qui

152 2281 191 2331 ito
201 2287 262 2332 sunt
270 2283 426 2346 perturbati,
438 2289 475 2343 ut,
489 2284 556 2348 quod
574 2281 661 2340 velint,
673 2280 767 2347 fucere
778 2282 950 2347 nonpossint.
988 2281 1066 2336 Verr.
1083 2311 1085 2316 ν

150 2351 171 2401 i.
184 2351 210 2399 3.
229 2349 365 2401 consistere
385 2353 502 2403 animum
521 2366 573 2404 non
592 2355 691 2404 sinunt.
736 2349 807 2403 Phil.
821 2353 849 2402 ii.
868 2354 912 2403 29.
931 2353 1067 2404 consistere

151 2420 309 2471 mentonon
331 2434 418 2485 posse.
454 2419 533 2472 Dom.
553 2423 595 2472 54.
623 2425 655 2473 ut
675 2436 761 2487 nequo
780 2435 960 2488 mensaeque
980 2422 1069 2490 lingua

152 2486 309 2538 consisteret.
345 2486 452 2540 Cluent.
477 2492 520 2540 39.
550 2504 602 2540 uon
623 2505 700 2554 posse
723 2489 859 2539 consistere
890 2490 917 2540 in
945 2489 1067 2550 dicendo.

152 2572 188 2607 sc.
201 2555 264 2620 quic
283 2555 511 2608 occwmctionilrus
530 2557 679 2621 impeditur.
715 2554 887 2606 Contrarium
906 2565 941 2608 est
960 2557 991 2608 in
1009 2559 1068 2610 leis:

153 2625 201 2678 Or.
214 2626 240 2676 9.
253 2626 299 2692 qui
313 2626 339 2676 in
351 2623 497 2676 forensibus
505 2626 593 2677 causis
599 2624 738 2691 praeclare
752 2627 837 2690 possit
849 2626 1001 2676 concinere:
1015 2629 1032 2678 i.
1043 2644 1068 2678 e.

153 2696 215 2746 irene
227 2708 270 2744 eos
284 2708 370 2757 ogere.
407 2692 502 2749 erint.
515 2695 558 2744 24.
577 2692 737 2751 diffidebam,
750 2708 794 2746 me
806 2692 904 2743 'animo
915 2696 980 2745 satis
993 2700 1070 2747 certe

153 2768 184 2816 et
196 2762 352 2815 confirmato
372 2761 399 2812 in
423 2764 473 2813 hac
497 2777 577 2821 cansa
600 2777 679 2828 posse
699 2762 845 2812 coruistere.
881 2760 1004 2814 Sunium
1016 2780 1028 2814 e
1040 2781 1069 2816 re

151 2831 312 2897 gladiatorio
323 2831 393 2882 dccet
407 2829 556 2881 Burmann.
569 2831 602 2881 cd
614 2830 727 2889 Quintil.
742 2829 817 2881 Deci.
827 2833 852 2884 6.
865 2833 891 2881 9.
910 2831 926 2864 *
937 2831 1034 2884 dictur
1046 2839 1071 2885 et

108 2915 111 2921 ’
150 2907 371 2967 promtissime,
385 2898 482 2957 Quint.
495 2902 538 2951 30.
557 2902 685 2951 misorum
706 2903 788 2966 atque
808 2900 944 2951 infelicem
961 2901 1070 2955 tandem

154 2986 231 3038 posse
244 2970 390 3022 consistere.
418 2969 553 3021 *vertum
568 2969 757 3020 inrctclcric.
794 2967 855 3019 Div.
870 2970 898 3019 ii.
911 2972 954 3020 21.
982 2970 1071 3022 Vene-

154 3042 223 3092 rium
235 3056 298 3092 casu
306 3041 361 3106 jaci
375 3054 460 3105 posse,
478 3041 592 3106 quatuor
603 3038 666 3089 talis
676 3039 757 3105 jactis
771 3057 777 3087 z
796 3036 996 3106 quadringentis
1009 3054 1072 3089 cen·

155 3113 214 3160 tom
227 3108 358 3160 Venerios
374 3123 426 3160 non
446 3122 523 3175 posse
543 3107 688 3158 consulere.
702 3107 753 3158 oid.
767 3105 908 3158 Venerius.
944 3107 1071 3160 *Partlt

154 3180 197 3229 29.
217 3178 363 3229 consistere
384 3177 482 3228 dicitur
493 3183 591 3236 orator,
604 3176 817 3235 communiuit,
831 3176 956 3239 quemodo
968 3191 1073 3229 consoni

154 3251 266 3297 truciore
278 3246 347 3305 uelit,
355 3251 446 3297 utrum
454 3242 669 3312 cognoscerem,
681 3261 716 3296 cn
727 3244 868 3312 defendere,
876 3244 942 3296 unde
951 3253 974 3297 et
986 3251 1072 3298 status
1133 3292 1136 3298 .

154 3316 261 3368 dicitur.

190 3383 376 3435 Cousocrsun.
405 3386 431 3436 in
452 3386 513 3435 Seu.
534 3400 561 3451 p.
575 3384 608 3436 R.
627 3389 658 3436 7.
672 3400 750 3437 ausus
771 3399 881 3436 escum
903 3383 937 3435 A.
959 3383 1073 3436 Gabinio

156 3452 303 3505 consociare
315 3454 426 3504 consilia
438 3457 522 3521 pestis
536 3469 621 3506 meae.
876 3495 878 3500 .

190 3519 360 3573 Consonnnr.
379 3523 413 3574 ad
425 3523 486 3574 Dir.
502 3525 537 3575 iv.
551 3526 575 3573 8.
595 3524 725 3592 consolcri
736 3521 855 3575 dolorem
867 3522 987 3589 alicujus.
1007 3522 1073 3575 ibid.

156 3590 193 3642 vi.
203 3595 229 3644 4.
247 3590 380 3644 consolari
388 3592 417 3644 de
430 3608 461 3645 re
472 3593 569 3661 aliquo.
