2567 4209
122 0 320 176 ''ff'‘
369 0 395 60 Ξ

240 203 277 258 3

989 252 1491 308 LA‘rmlmris.
1509 281 1534 314 .
2072 260 2154 323 ὁῖ
2351 307 2365 342 ,

309 481 348 530 h
375 408 748 532 Bnfflcnmn.
819 408 943 461 Att.
971 408 1028 460 ii.
1056 412 1105 460 1.
1131 411 1283 463 molli
1307 412 1547 465 bracchio
1581 414 1860 484 objurgare
1896 415 2154 483 aliquem.

353 516 366 529 .
393 496 440 529 e.
549 481 666 533 iter.

297 547 316 552 “
385 547 592 601 Buces.
680 548 791 600 Pis.
837 552 922 600 11.
959 547 1188 601 fluentes
1227 555 1290 603 et
1312 557 1621 605 cerussatae
1661 554 1861 605 buccae.
1885 570 1940 608 v.
1966 552 2162 608 Fluens

311 622 363 668 et
386 626 687 670 cei-assatus.
1392 625 1395 638 '

381 686 766 740 Buccmxron.
804 687 873 740 ad
890 688 1013 740 Div.
1039 689 1150 740 xvi.
1174 692 1262 741 21.
1289 690 1430 760 quod
1454 692 1748 759 polliceriS,
1774 697 1834 745 te
1858 694 1972 746 fore
1990 693 2161 747 bucei-

308 761 548 809 nutarem
570 758 993 811 existimationis
1017 774 1189 810 meae.

375 824 820 879 nonsummum.
859 829 998 881 100¹oe
1020 826 1312 896 Syracusis,
1336 830 1432 882 ubi
1453 830 1605 882 curia
1639 838 1769 883 erat.
1808 831 1966 884 Verr.
1993 832 2049 884 ii.
2073 835 2160 884 21.

376 894 595 948 Bam.
646 912 812 947 aurea
856 898 1000 949 bulla
1039 896 1247 962 insigne
1277 914 1565 965 puerorum
1600 901 1965 965 ingenuarum.
1993 905 2157 953 surdis

286 963 501 1029 figura,
543 966 678 1031 quod
715 982 741 1018 e
782 968 912 1019 eollo
952 968 1014 1019 in
1054 973 1228 1032 pectus
1275 969 1596 1035 dependebas.
1680 973 1832 1021 fvi-r.
1876 979 1908 1021 i.
1936 977 2021 1021 253.
2049 973 2161 1021 sine

305 1034 452 1086 bulla
475 1041 719 1087 venerat.
743 1034 774 1068 '¹‘
792 1036 854 1087 in
876 1038 1199 1089 ornament&
1214 1039 1489 1092 valvarum
1512 1049 1989 1093 cisi-st:firmissumus
2005 1045 2161 1093 crium

308 1118 509 1155 aureae
533 1106 732 1157 bullae.
769 1105 930 1158 Verr.
956 1107 1030 1159 iv.
1055 1108 1142 1157 56.

378 1171 751 1227 BUSTUARIUS.
821 1174 929 1227 Pis.
969 1179 1021 1228 9.
1056 1176 1342 1240 gladiator,
1385 1180 1478 1245 qui
1502 1181 1564 1231 ad
1608 1181 1804 1229 missum
1836 1181 2053 1245 ufir-ujus
2081 1181 2161 1229 esf.-

294 1249 521 1363 pugnat,
548 1245 686 1309 qnod
706 1244 767 1299 in
789 1246 1039 1298 honorem
1076 1248 1604 1316 mortuorumfiebes.
1636 1269 1676 1301 u.
1712 1249 1856 1313 ΜΡ..
1888 1249 2153 1301 Sume-nui.

302 1328 325 1363 ι

367 1381 622 1435 Bus'rmu.
674 1384 835 1438 Τιιεο.
872 1402 926 1437 v.
951 1388 1039 1438 35.
1068 1386 1459 1457 sardanapalus
1485 1389 1644 1441 invi-li
1684 1393 1840 1457 jiffiit
1896 1397 1949 1441 iu
1993 1393 2153 1445 himin.

304 1452 344 1503 i.
369 1467 421 1503 e.
446 1453 698 1519 sepulcro,
723 1463 1062 1509 monumento
1085 1459 1385 1524 sepulcrali.
1458 1458 1547 1511 Sic
1572 1465 1780 1509 [austum
1820 1461 2005 1518 Basili.
2033 1461 2154 1509 Ait.

303 1522 403 1572 vii.
444 1524 497 1572 9.
545 1521 673 1575 item
696 1543 713 1574 .-
749 1523 935 1578 Catuli
980 1528 1204 1580 btwtum.
1267 1528 1442 1581 Petit.
1467 1530 1672 1581 consul.
1697 1532 1750 1581 3.
1813 1528 1943 1600 Leg.
1972 1529 2029 1584 ii.
2066 1530 2153 1579 26.

305 1588 490 1671 Poena
512 1596 615 1651 est,
658 1594 702 1644 si
741 1596 860 1662 quis
885 1596 1092 1648 bustum
1115 1595 1262 1667 (nam
1290 1598 1344 1650 id
1369 1603 1503 1665 puto
1526 1598 1791 1666 appellari
1817 1597 2019 1668 τυμβον)
2041 1601 2152 1649 etc.

307 1658 463 1712 *Pia
489 1665 541 1711 4.
579 1660 715 1715 Cum
740 1668 799 1716 tu
826 1665 1046 1719 interim
1071 1668 1279 1719 bustum
1302 1669 1655 1735 reipublicae,
1682 1673 1793 1720 etc.

1183 1845 1248 1900 C.

375 1971 628 2025 CAnsnz.
665 1972 860 2027 dicitnr
881 1975 939 2027 de
964 1977 1199 2030 oratione
1223 1977 1285 2030 in
1306 1975 1429 2043 fine
1447 1976 1674 2042 periodi.
1724 1974 1880 2029 Orat.
1907 1977 1990 2028 69.
2018 1976 2153 2030 eadit

298 2044 496 2097 oratio.
566 2040 723 2095 Brut.
749 2048 800 2096 8.
838 2061 1122 2099 numerose
1162 2047 1357 2099 cadere.
1407 2045 1519 2097 *in
1558 2047 1630 2099 ali
1670 2062 1796 2098 uem
1819 2046 2032 2107 cadere,
2059 2053 2149 2110 eet,

296 2115 471 2165 Iocum
507 2113 649 2177 apud
669 2129 790 2167 eum
825 2116 1029 2167 habere.
1102 2115 1263 2170 Tusc.
1309 2117 1387 2168 iii.
1431 2121 1483 2167 4.
1550 2115 1597 2169 G
1662 2118 1705 2169 it
1744 2117 1798 2169 in
1845 2117 2149 2185 sapientem

298 2180 595 2269 aegritudo.
632 2182 760 2235 ibid.
786 2200 890 2237 non
914 2186 1050 2238 eadit
1073 2186 1129 2238 in
1152 2186 1598 2239 consuetudinem
1621 2191 1879 2239 nostram.
1920 2186 1952 2219 *
1975 2188 2034 2239 de
2059 2187 2147 2248 iis,

295 2269 388 2319 qui
423 2254 486 2306 in
523 2267 709 2321 pugna
746 2254 1024 2305 intereunt.
1115 2255 1255 2310 Phil.
1283 2257 1362 2308 iii.
1407 2260 1487 2308 14.
1516 2257 1690 2308 cadere
1713 2272 1838 2308 eum
1861 2255 2147 2325 dignitate.

291 2323 326 2356 *
351 2339 579 2390 eausam,
607 2325 755 2377 litem
773 2324 1007 2389 perdere.
1047 2324 1259 2378 Muren.
1287 2328 1375 2378 28.
1402 2326 1577 2377 cadere
1602 2325 1895 2395 injudicio.
1932 2325 1999 2379 ad
2023 2325 2147 2378 Div.

293 2394 392 2445 vii.
421 2398 500 2445 14.
520 2410 682 2450 eausa
705 2392 902 2444 cadent.
945 2392 976 2427 '¹‘
1000 2394 1059 2445 de
1101 2401 1284 2447 eventu
1324 2395 1422 2447 rei.
1462 2395 1621 2448 Brut.
1648 2400 1735 2447 40.
1782 2395 1876 2447 sed
1902 2396 1984 2447 ita
2007 2396 2151 2447 eade-

293 2464 396 2523 bat‚
423 2472 533 2516 etc.
571 2466 602 2500 *
630 2462 876 2516 incidere.
903 2461 1065 2516 Tuse.
1097 2464 1170 2517 iv.
1195 2468 1276 2516 14.
1317 2480 1421 2517 non
1447 2465 1500 2515 in
1524 2480 1740 2517 omnem
1764 2467 2012 2517 morbum
2036 2466 2149 2517 ani-

294 2548 410 2585 mus
435 2533 695 2602 ingeniosi
720 2532 872 2585 cadit.
911 2531 942 2565 '¹‘
970 2532 1143 2585 venire
1170 2534 1229 2584 in
1248 2539 1553 2599 potestatem
1592 2534 1829 2585 alteriue.
1904 2533 2065 2585 Verr.
2093 2550 2145 2587 v.

293 2605 379 2653 55.
406 2604 582 2657 cadere
608 2606 707 2657 sub
733 2605 912 2671 legum
937 2606 998 2654 et
1014 2599 1341 2669 judiciorum
1361 2605 1714 2669 potestatem.
1790 2602 1951 2653 Font.
1980 2606 2029 2652 1.
2055 2605 2149 2655 sub

293 2672 557 2727 ditionem
600 2689 727 2742 pop.
774 2672 843 2723 R.
869 2672 1178 2723 ceciderunt.
1223 2671 1584 2723 eadendumin
1609 2672 1762 2723 unius
1788 2675 2146 2738 potestatem.

292 2744 418 2794 Att.
445 2745 561 2796 viii.
581 2748 633 2796 3.
659 2744 690 2777 *
715 2739 1146 2807 evertisortunis.
1168 2741 1242 2793 ib.
1268 2741 1381 2793 xvi.
1405 2742 1487 2792 15.
1507 2738 1744 2808 Turpius
1770 2743 1859 2793 est
1883 2740 2148 2808 privatim

291 2812 485 2874 eadere,
511 2830 674 2882 quam
699 2811 934 2879 publice.
974 2810 1004 2843 *
1023 2810 1094 2871 Q.
1124 2809 1213 2863 Fr.
1240 2811 1276 2861 i.
1305 2814 1357 2862 3.
1384 2827 1417 2862 a
1441 2815 1499 2862 te
1541 2811 1671 2864 mihi
1713 2827 1929 2880 semper
1969 2812 2149 2864 omnia

295 2884 452 2942 bona,
471 2884 701 2937 honesta
724 2885 785 2933 et
799 2880 1039 2950 jucunda
1063 2880 1373 2932 ceciderunt.

360 2950 634 3006 Csmmus.
705 2950 863 3003 Cato.
893 2953 975 3002 15.
1049 2949 1194 3003 Vitis
1220 2954 1415 3001 natura
1438 2949 1629 3001 caduca
1651 2955 1755 3004 est.
1792 2949 1824 2983 *
1848 2949 1991 3002 Phil.
2017 2968 2071 3003 x.
2090 2954 2143 3003 5.

294 3021 570 3074 hereditas
596 3024 803 3074 caduca.
840 3020 998 3072 Orat.
1027 3022 1106 3072 iii.
1133 3025 1218 3073 31.
1262 3019 1524 3087 possessio
1549 3019 1755 3071 caduca.
1793 3020 1829 3070 i.
1856 3034 1908 3070 e.
1933 3020 2147 3081 deserta,

293 3106 454 3157 quam
475 3108 630 3145 nemo
651 3092 801 3158 petit.

357 3160 671 3213 Cszcs'rus.
709 3160 868 3212 Brut.
896 3162 980 3212 76.
1007 3161 1194 3230 rapida
1217 3164 1279 3212 et
1303 3159 1595 3213 eeleritate
1632 3164 1835 3211 caecata
1871 3158 2065 3210 oratio.
2102 3159 2142 3211 i.

290 3247 340 3283 e.
365 3232 657 3292 obscurata,
685 3246 814 3296 quae
838 3230 1072 3294 intelligi
1093 3246 1203 3283 non
1223 3235 1405 3296 potest.

353 3299 590 3353 Csecus.
623 3300 845 3368 passive,
881 3315 999 3365 pro,
1027 3300 1208 3351 latens.
1281 3299 1378 3351 Or.
1420 3299 1478 3352 ii.
1520 3302 1605 3351 87.
1632 3314 1719 3351 res
1742 3312 1935 3350 caecae.
2009 3298 2141 3365 Agr.

289 3370 347 3422 ii.
375 3375 459 3421 14.
484 3387 583 3424 eur
605 3372 707 3423 hoe
738 3374 827 3423 est
851 3372 965 3421 tam
988 3371 1273 3423 obscurum
1299 3374 1464 3438 atque
1499 3384 1724 3421 caecum.
1779 3368 1810 3401 *
1834 3366 2144 3436 manufa-

287 3442 426 3493 ciens
465 3446 514 3492 et
555 3441 850 3493 obscurum.
963 3438 1083 3490 Mil.
1129 3442 1211 3492 19.
1253 3454 1429 3509 neque
1476 3453 1624 3489 caeca
1668 3452 1773 3491 nox
1818 3436 2144 3490 ostendisset

285 3509 569 3563 Milonem.
608 3510 768 3563 Dom.
798 3512 879 3561 10.
919 3523 1093 3560 caecae
1132 3511 1303 3562 nubes
1351 3508 1706 3576 reipublicae.
1761 3506 1939 3575 Ligar.
1968 3507 2004 3558 i.
2032 3521 2146 3561 cae-

283 3596 371 3637 cae
395 3581 580 3640 timor,
623 3587 696 3634 est
736 3579 916 3633 inanis
939 3584 989 3630 et
1009 3575 1208 3645 salsus.
1245 3578 1317 3631 ad
1356 3577 1482 3632 Div.
1517 3577 1594 3631 vi.
1623 3583 1673 3630 7.
1699 3592 1904 3631 meum
1928 3577 2141 3635 timoris

282 3656 638 3707 tormentum.
