2567 4209
211 287 275 348 444
613 275 731 331 tooex

211 437 276 492 mini
289 433 452 500 emancipata
463 436 516 486 est.
552 431 623 486 Phil.
637 434 667 486 ii.
679 436 722 485 21.
750 436 808 485 ium
828 425 1032 485 iste'venditum
1044 435 1127 499 atque

210 505 404 571 emancipatum
424 505 590 556 tribunatum
610 505 728 555 consiliis
741 505 838 555 vestris
858 501 992 569 opposuit.
1019 509 1135 565 utroque-

210 585 298 631 tamea
310 574 340 625 ia
352 573 406 624 loco
419 573 482 624 libri
494 573 600 646 puidam
619 574 713 625 babeat
733 574 927 639 mancipatum.
940 587 964 623 4.
977 577 1001 623 44
1012 567 1089 638 iufra
1097 569 1128 621 ia

211 648 389 712 mancipatus.
403 642 454 693 vid.
468 640 583 698 Gtoaaa.
597 642 630 694 ab
641 641 729 693 Seme.
742 657 782 708 ep.
796 645 838 692 45.

246 715 463 767 Emeaoaertea.
483 711 515 778 ati
529 711 633 764 Divere.
647 712 703 763 viii.
716 716 740 763 7.
759 727 810 780 ego
822 712 868 780 qui
881 710 986 767 scirem,
1000 709 1035 765 Q.
1049 707 1129 762 Pam·

211 789 302 856 pejum
315 781 407 834 Baulis
420 782 619 833 embaeneticam
632 779 731 841 faeere,
743 786 773 833 et
790 797 874 849 usque
885 795 927 837 eo,
937 784 968 831 ui
980 795 1030 847 ego
1047 779 1126 830 miae·

211 873 287 910 rerer
299 855 354 920 ejus
367 853 474 911 esuriei,
483 856 538 903 eta.
575 848 618 901 De
628 852 675 902 boe
686 852 763 902 uerbo
775 866 839 915 puae
847 850 1011 914 ditputeatur
1022 848 1073 900 aid.
1082 862 1126 913 ap.

213 926 306 978 Grata.
320 922 354 972 ab
364 921 390 971 b.
404 920 422 970 l.
444 935 524 985 aeque
545 920 624 981 euim,
638 935 669 970 ea
680 924 729 971 bue
741 917 895 986 transferre,
908 918 993 969 nostri
1005 923 1040 969 444
1053 916 1129 968 iasti-

211 995 271 1048 tati.
309 990 443 1043 Addamus
455 990 502 1041 boa
517 1004 609 1048 uuum,
626 987 751 1041 Vassiam
765 989 798 1039 ab
818 988 914 1040 Catuli.
925 1003 954 1053 p.
967 990 1009 1039 84.
1023 986 1127 1051 legere:

212 1081 350 1130 4444444444,
369 1065 392 1110 44
404 1060 465 1110 baao
473 1058 599 1125 abjicere:
619 1056 702 1110 Bauli
713 1058 778 1109 olim
794 1064 851 1110 erat
863 1058 1005 1108 tetemet
1017 1055 1129 1107 diuerso·

211 1134 285 1184 rium
297 1129 375 1180 tatius
383 1127 543 1193 Campaniae
555 1125 794 1192 affluentissimum.
822 1126 865 1178 Ibi
874 1124 1019 1192 Pompejut
1035 1140 1129 1191 corpur

212 1200 294 1264 bargis
317 1199 423 1248 curabat
446 1197 562 1261 dapibus,
584 1196 651 1246 uuile
672 1196 763 1247 Cicero
783 1194 1013 1266 (Coeliusooiebot
1032 1192 1129 1264 elicere)
1176 1223 1182 1238 ·

212 1270 320 1327 dicitu
339 1266 460 1317 miserari
480 1265 542 1330 ejus,
563 1270 649 1329 utpote
669 1265 715 1331 qui
738 1270 841 1316 tautum
860 1263 967 1314 esuriat.
1006 1261 1130 1315 borneti

211 1338 363 1391 laetiorum.-
382 1334 619 1400 ampenetieom,a
638 1354 719 1392 meai,
738 1341 796 1399 post
817 1332 980 1384 Lambinum
1037 1333 1130 1385 obabot

211 1407 292 1459 etiam
303 1403 415 1458 saeuas.
428 1401 553 1454 obSolia.
565 1418 627 1468 pag.
642 1407 701 1454 707.
714 1405 738 1454 b.
748 1403 812 1454 item
827 1400 982 1453 Titmtollue
1019 1402 1082 1468 piet.
1095 1402 1131 1454 ati

211 1475 349 1529 Mibletou.
366 1488 428 1538 pag.
443 1476 501 1523 101.
904 1531 907 1536 ⁵

247 1545 401 1601 Eleatem,
414 1542 533 1608 sigillum
548 1546 582 1593 444
590 1541 620 1592 ia
631 1548 740 1605 argenta
752 1541 859 1592 eaeloto.
878 1539 1056 1592 44444417.
1070 1540 1127 1593 vid.

211 1616 340 1672 caelatus,
353 1614 453 1664 crusta.
489 1610 601 1662 Salmas.
615 1610 648 1662 ab
663 1610 746 1662 Soita.
757 1626 820 1677 pag.
835 1612 895 1662 736.
925 1610 1023 1661 dieitur
1039 1616 1129 1661 tamea

212 1686 289 1738 etiam
304 1682 333 1733 ale
343 1681 464 1747 operibus
477 1680 617 1739 tessellatis,
630 1681 796 1745 pavimentis,
812 1680 841 1730 ia
853 1680 944 1745 quibus
954 1679 1027 1731 auita
1039 1679 1129 1743 sigilio

211 1749 585 1874 autgaazlrglzfflaeatimwgp.
600 1750 731 1869 iiiSflssve
744 1749 849 1870 ΙιυῆὶΙίἕ
860 1747 954 1870 :engo
965 1750 1129 1870 faama?

212 1838 267 1875 ee
390 1836 505 1872 evermo
573 1835 598 1870 o.
649 1835 673 1870 aa
712 1835 764 1871 arr.
805 1856 811 1869 .
852 1833 910 1869 .111.
944 1856 950 1869 .
983 1856 989 1869 .
1054 1833 1078 1869 ve

210 1906 274 1944 rum
285 1887 582 1954 aeterumsmtgalitate:
601 1903 663 1940 num
677 1891 721 1941 hie
734 1888 842 1948 citrum,
856 1902 918 1939 num
927 1903 1020 1940 aarum
1029 1885 1127 1939 videel

211 1987 224 2001 ·
234 1987 246 2001 ·
258 1975 322 2012 num
334 1959 404 2028 quod
416 1959 542 2010 emblema
554 1963 601 2010 aut
614 1958 798 2011 lithostrotum
812 1954 823 2007 l

248 2028 413 2080 Erinomam.
434 2028 511 2080 Sext.
524 2030 566 2079 bt.
588 2028 616 2078 de
629 2027 742 2080 Clodio:
763 2028 809 2079 ille
832 2026 889 2094 ipae
902 2026 1018 2079 maxime
1032 2023 1127 2086 ludius,

211 2113 264 2152 non
276 2099 361 2149 salum
374 2102 519 2164 spectator,
530 2095 576 2148 aed
588 2099 665 2147 actor
676 2103 707 2149 et
718 2111 848 2155 acroama,
862 2096 908 2164 qui
924 2099 1014 2148 omnio
1031 2099 1127 2147 sororis

212 2166 324 2218 embolia
336 2169 421 2217 novit.
457 2165 529 2225 Quia
539 2165 568 2215 44
580 2180 656 2216 actua
668 2182 760 2223 sermo,
774 2163 945 2233 manifestum
954 2173 990 2216 444
999 2165 1083 2216 alludi
1094 2164 1129 2218 ad

212 2233 500 2300 emboliasabutarum,
523 2249 586 2299 quae
606 2238 631 2284 et
650 2237 758 2285 44444444
768 2234 899 2294 ditaretur,
913 2235 960 2286 boc
972 2240 1016 2294 eet,
1029 2234 1128 2298 digrei-

212 2305 296 2356 eiouea
308 2301 433 2370 osabula,
447 2303 487 2355 ael
498 2304 598 2355 eradio.
634 2301 716 2353 144444
728 2310 818 2354 autem
826 2304 856 2355 ia
868 2303 1036 2367 ambiguitate
1045 2303 1127 2355 uerbi.

212 2372 288 2425 Nam
300 2374 362 2438 quia
374 2375 472 2437 44444444
484 2373 606 2437 estquod
617 2371 774 2423 extrinsecus
790 2373 916 2424 inseritur
927 2379 951 2424 et
962 2372 1125 2432 immittitur,

212 2442 361 2495 traductum
371 2446 407 2494 eet
419 2442 581 2493 boaaerbum
593 2441 627 2491 ab
640 2439 760 2507 pateam
776 2442 930 2501 masculina,
948 2448 977 2493 ut
995 2457 1025 2491 ea
1043 2440 1128 2509 Hesy-

213 2512 271 2564 cbio
290 2513 376 2564 doeuit
397 2508 524 2564 Graevius
536 2511 569 2562 ad
580 2511 606 2563 b.
621 2512 639 2563 l.
676 2509 777 2575 Itaque·
790 2512 881 2563 omma
900 2512 1017 2563 embolia
1029 2513 1126 2563 sororis

211 2582 292 2642 444444,
305 2587 342 2633 eet
353 2585 425 2633 aeute
437 2579 543 2638 dictam,
561 2595 612 2644 pro
633 2595 736 2633 amores
758 2582 864 2639 sororis,
880 2580 909 2631 in
922 2582 1013 2645 quibus
1029 2585 1053 2631 44
1072 2580 1127 2645 ipse

213 2656 279 2703 era-t.
316 2650 390 2702 Nam
403 2650 469 2713 quod
484 2650 611 2702 Graevius
627 2655 751 2701 naturam
772 2648 882 2701 Clodiae
902 2650 1016 2712 intelligi
1028 2655 1126 2714 putate

210 2720 301 2787 primo
318 2722 415 2784 44444444
432 2725 476 2782 eet,
496 2719 563 2785 quoii
577 2718 740 2778 immittitur,
753 2735 807 2770 aaa
821 2718 889 2784 quod
907 2719 1018 2784 recipitt
1036 2718 1126 2770 aetate

209 2790 331 2855 ptureme
339 2802 392 2837 aeuo
403 2793 511 2840 maturae
519 2788 617 2847 babuit,
628 2802 691 2852 quae
700 2803 788 2839 omues
799 2788 900 2840 44444444
908 2785 1128 2855 Cladiuefrater?

211 2859 241 2909 ete
254 2857 377 2909 emboliis
384 2854 444 2921 jam
457 2856 570 2909 laudauit
579 2857 622 2908 m'r
633 2858 720 2908 doctae
731 2858 797 2908 abb.
811 2857 829 2907 l.
842 2857 955 2909 Salmas.
973 2857 1007 2907 ai
1021 2855 1126 2908 Hister.

212 2926 327 2990 August.
337 2924 421 2976 Laeui
433 2934 467 2979 444
480 2928 513 2978 ael
528 2925 557 2977 V
554 2926 633 2991 apiae.
647 2924 787 2977 Aurelian.
801 2923 843 2978 42.
860 2924 894 2978 Τ.
908 2925 939 2978 44.
949 2941 978 2992 p.
991 2928 1051 2979 5³0.
1067 2926 1125 2977 adei.

213 2994 271 3048 14444.
286 2994 377 3047 Graec.
390 2994 420 3045 in
432 2999 538 3062 44444444.

159 3126 162 3132 ‚
248 3064 406 3116 Emonam.
443 3063 523 3114 Tusc.
546 3064 584 3115 iii.
595 3065 639 3115 24.
667 3067 797 3131 quantum
821 3065 855 3116 444
879 3064 1002 3116 emeutito
1024 3064 1125 3131 opinio,

211 3139 341 3201 apparet:
360 3134 387 3184 h.
400 3148 425 3184 e.
439 3130 574 3198 quidfatai
584 3133 613 3183 ia
625 3147 656 3183 ea
666 3133 708 3184 eit.
730 3132 746 3165 *
754 3134 872 3185 4444444444..
909 3133 1008 3185 Partit.
1021 3134 1068 3184 Or.
1083 3137 1125 3184 74.

126 3214 129 3226 '
247 3202 349 3254 Eamne
368 3216 428 3252 rum
437 3216 556 3267 praepar.
570 3200 657 3253 dead
669 3200 730 3253 Die.
745 3218 771 3253 v.
785 3205 810 3254 6.
839 3202 909 3271 quod
927 3203 956 3254 44
973 3201 1128 3255 Crassada·

212 3286 239 3326 m
297 3285 424 3322 emaum.

240 3287 390 3398 Renum,
415 3337 515 3405 pamiae
535 3337 760 3392 initiavit.
793 3356 896 3394 annuae
914 3355 1014 3409 operae
1037 3339 1126 3392 adili.

211 3408 272 3462 Kal.
286 3409 362 3462 Sext.
375 3413 539 3460 emereatur:
559 3409 586 3459 h.
598 3424 624 3460 e.
634 3409 779 3474 expleatur.

247 3477 416 3532 aneeaeue.
453 3475 520 3528 Har.
533 3476 616 3545 Retp.
629 3479 673 3529 2⁵.
691 3494 717 3529 44
729 3480 840 3544 emergit
851 3494 970 3548 serpens.
984 3477 1128 3530 *44444444

210 3551 245 3607 te,
254 3561 398 3614 emanpere.
425 3546 487 3599 Ait.
496 3547 572 3602 ixii·
590 3546 701 3612 emergit
709 3561 813 3602 nereum
824 3548 909 3602 dolor.
918 3548 982 3601 ibit.
993 3551 1128 3601 1044444»
