2567 4209
203 350 269 410 uso
602 336 719 393 ruoux
740 353 744 358 ·

202 499 358 554 tudites.
376 496 443 549 elabi
454 511 489 547 ex
500 496 666 549 criminibus.
703 493 778 547 Sext.
792 496 835 545 os.
863 494 932 547 elabi
951 510 987 548 ex
1004 496 1115 565 judicio.

203 568 292 621 *bine
303 567 450 620 traducitur
458 566 490 616 ad
501 582 551 626 eos,
564 567 609 630 qui
624 564 736 615 censoris
755 571 845 614 notam
857 567 1038 616 commeritum
1049 567 1116 632 effus

200 639 288 704 siunt.
324 637 399 688 Cato.
416 638 455 686 12.
474 634 540 687 Tito
561 637 645 686 l'ratre
657 648 767 685 censore
779 634 878 697 elapsus
890 642 934 685 est.
952 634 1053 687 *elabi
1066 639 1115 689 eti·

203 724 247 760 am
260 708 389 766 dicamur,
403 720 466 771 ettae
477 710 582 771 praeter
601 704 752 769 opinionem
762 704 929 754 amittuntur.
965 705 1013 756 Or.
1028 708 1056 757 ii.
1070 709 1113 757 50.

204 780 332 844 elapsaest
344 791 431 827 causa.
468 772 573 825 *Tusa
587 774 604 825 i.
616 777 657 823 11.
676 773 788 823 assensio
801 773 887 824 omnis
899 773 1027 825 emittar.-
1045 777 1072 827 b.
1085 792 1112 827 e.

204 848 291 899 desino
303 845 433 897 assentiri.

240 916 420 968 Eusaousus.
468 910 538 964 Phil.
558 912 605 964 vii.
623 914 650 963 3.
680 925 760 962 osuue
783 911 944 964 curristtlum
968 912 1114 966 industriae

204 991 311 1039 nostrae
325 985 351 1035 in
364 983 429 1042 loro,
443 983 469 1034 in
482 983 556 1034 ouria
567 1010 579 1022 ·
591 1008 601 1020 ·
613 981 773 1031 elaboramm
784 984 837 1032 est.

239 1055 483 1106 Eusuuurserurs.
519 1051 599 1103 Tusa.
610 1050 638 1101 ii.
651 1052 695 1101 24.
707 1050 748 1101 siu
756 1050 810 1102 erit
819 1050 865 1101 ille
877 1052 992 1118 gemitus
1001 1053 1112 1104 emmer·

203 1125 299 1182 tabidis,
313 1126 335 1175 si
350 1122 564 1182 imbecillosum.
583 1120 621 1172 ita
633 1117 760 1170 Gruterus
771 1125 794 1171 et
806 1134 921 1184 sequaces
933 1139 942 1169 .·
959 1121 1008 1172 atii
1019 1122 1116 1174 melius.

204 1193 393 1246 lamentabilis.
734 1189 737 1196 '

239 1262 348 1314 Esurio
378 1276 428 1326 pro
440 1259 764 1324 augnunto„incrcmento.
801 1256 870 1324 Top.
884 1260 925 1308 18.
943 1260 1114 1326 comparatio

203 1334 331 1400 partium,
344 1345 395 1381 nee
406 1330 552 1387 elationem,
561 1344 611 1380 nee
619 1328 821 1379 submissionem
834 1328 925 1387 babet,
939 1328 957 1378 i.
970 1345 995 1380 e.
1008 1345 1053 1380 nec
1066 1345 1114 1380 ase

201 1401 297 1465 pendae
307 1401 356 1458 rei,
369 1414 415 1450 nec
431 1398 584 1450 minuendae
602 1399 714 1463 prodest.
744 1396 760 1428 *
771 1395 927 1447 ssrbtimitas.
975 1397 1054 1450 Brut.
1069 1403 1111 1451 17.

203 1470 281 1522 elatio
293 1473 322 1520 et
334 1468 450 1520 altitudo
462 1468 599 1520 orationis.
618 1466 673 1516 *de
692 1465 834 1516 uehementi
845 1463 948 1530 affeetu,
964 1475 993 1517 ut
1006 1468 1111 1530 efferre,

203 1540 232 1591 ae
245 1552 392 1604 puosupra.
430 1537 489 1589 Flu.
503 1537 542 1588 iii.
557 1540 598 1587 10.
616 1535 757 1603 gestientis
767 1534 848 1585 animi
860 1535 937 1586 statio
949 1538 1112 1604 voluptaria.

203 1608 383 1672 *magnitudo
395 1607 489 1658 animi.
508 1605 583 1658 Offic.
597 1606 615 1656 i.
631 1606 670 1655 19.
689 1604 765 1654 elatio
777 1604 868 1654 animi.

238 1677 358 1735 liturus,
389 1676 507 1735 essetnec,
532 1688 652 1738 magnus.
700 1672 751 1724 (tii.
771 1675 789 1723 i.
806 1676 844 1723 18.
885 1674 988 1726 suimus
1019 1677 1109 1728 elatus.

203 1746 219 1781 *
232 1752 381 1799 somniatus.
405 1746 467 1797 Die.
480 1746 554 1795 124.
572 1744 653 1794 elatus
664 1741 816 1808 cupiditate
828 1746 956 1810 respexit.
977 1744 1052 1797 Sext.
1065 1749 1111 1798 64.

203 1818 284 1869 elatius
296 1815 507 1884 exspectatione.
522 1812 586 1864 ibid.
598 1814 680 1863 elatus
692 1812 788 1864 studio.

146 1909 150 1916 ’
238 1885 448 1938 Euscrrssrusus.
483 1882 566 1934 Catil.
580 1883 615 1932 iv.
629 1883 655 1932 6.
674 1881 826 1932 certissima
838 1880 945 1933 semina.

203 2026 303 2090 optima
313 2024 423 2086 deligere
433 2026 549 2086 possunt.

238 2093 376 2149 Eucaerus,
394 2090 490 2141 dicitur
502 2089 646 2154 quicunque
665 2094 702 2138 cst
720 2086 750 2137 in
767 2087 855 2151 aliquo
872 2104 966 2151 genere
983 2091 1113 2157 inprimis

201 2162 356 2224 intelligens,
375 2159 513 2224 praecipue
537 2163 624 2207 tamen
647 2157 676 2206 in
695 2156 738 2206 iis.
752 2170 815 2219 pisae
834 2156 867 2206 ad
885 2158 1112 2225 magnificantem

202 2232 285 2281 cultus
295 2228 434 2294 pertimui.
471 2226 528 2276 lov.
539 2228 607 2275 135.
621 2240 638 2274 a
647 2225 798 2276 rlretoribus
810 2225 851 2283 iis,
864 2226 909 2292 qui
922 2228 1111 2291 elegantissimi

202 2303 284 2365 atque
297 2295 506 2348 artificiosissimi
523 2294 613 2361 putati
637 2299 708 2344 suut.
728 2292 805 2344 Brut.
819 2295 861 2345 62.
888 2297 999 2349 minime
1017 2298 1111 2367 diguus

202 2368 325 2430 elegantis
343 2370 490 2418 conventus
514 2363 630 2414 auribus.
662 2361 694 2412 ad
708 2362 770 2413 [liv.
784 2363 830 2413 vii.
843 2366 886 2415 23.
905 2366 984 2418 bomo
997 2370 1108 2421 inomni

196 2437 299 2505 judicto
311 2434 523 2498 elegamissimus.
542 2431 575 2483 ad
587 2431 650 2482 Iliv.
664 2431 700 2483 ix.
716 2434 757 2482 19.
775 2447 853 2484 sures
865 2434 1001 2498 sugentes.
1029 2437 1109 2490 Verr.

202 2509 238 2558 iv.
249 2508 291 2557 57.
310 2504 422 2572 populus
435 2502 523 2569 potius
535 2502 649 2553 haberet
660 2500 757 2570 (signa,
770 2501 829 2571 ete.)
849 2519 930 2570 quatu
950 2506 1109 2570 elegantissi-

163 2583 166 2591 ‘
201 2590 260 2627 mus
274 2571 391 2626 Verres?
408 2571 476 2623 *ele
512 2574 569 2623 ntia
580 2577 747 2636 opponuntur
756 2572 936 2638 popularibus,
951 2576 1035 2627 minus
1047 2592 1110 2628 aeu-

202 2646 237 2696 tis
251 2649 279 2696 et
292 2642 443 2695 subtilibus.
505 2643 539 2692 in.
554 2641 589 2691 iv.
605 2644 646 2691 10.
665 2641 730 2691 mibi
750 2641 842 2706 placet
861 2642 903 2709 agi
924 2645 1056 2703 subtilius,
1077 2650 1108 2699 et

201 2715 332 2781 pressius:
350 2726 419 2780 quae
438 2711 509 2763 euim
534 2709 619 2761 adbuc
643 2709 788 2775 protulisti,
802 2714 940 2778 popularia
958 2719 1038 2772 suut;
1057 2732 1108 2783 ego

200 2789 322 2835 autema
340 2786 370 2832 te
389 2779 548 2844 elegeretiora
567 2777 699 2830 desidero.
737 2778 817 2830 Tuse.
835 2780 871 2831 ir.
884 2785 909 2832 3.
937 2783 1009 2834 illius
1027 2801 1107 2837 verae

200 2851 370 2914 elegantisque
380 2849 571 2914 philosophiae,
581 2864 649 2916 quae
661 2849 742 2899 ductu
753 2864 770 2898 a
782 2848 892 2901 Socrate
906 2850 931 2901 iu
944 2851 1109 2921 Peripateti·

200 2922 239 2973 cis
249 2921 395 2987 permansit
408 2924 435 2969 ot
444 2916 521 2968 'idem
535 2918 588 2969 ulio
599 2916 679 2969 modo
690 2916 840 2970 dicentibus
853 2919 961 2979 Stoicis,
970 2928 1016 2973 etc.
1028 2938 1107 2989 oppo-

200 2991 274 3041 nitur
284 2987 461 3054 pbs'tasopbiae
473 2985 597 3051 Epicuri,
610 2987 640 3038 in
648 3002 698 3051 pua
710 3002 750 3037 res
763 3002 856 3052 parurn
868 2989 1006 3042 subtiliter
1017 2992 1107 3043 dieun-

199 3066 251 3116 tur,
264 3065 294 3108 ut
309 3057 400 3123 paullo
416 3061 474 3121 post
491 3055 562 3114 dicit,
575 3056 637 3120 quia
648 3057 840 3106 condemnabant
850 3058 1012 3126 elegantium
1024 3059 1108 3113 disse·

199 3128 285 3180 rendi.
322 3126 452 3177 lintis.
479 3115 562 3175 *Fra
577 3125 615 3175 iii.
627 3126 656 3175 2.
685 3128 758 3176 artes
772 3123 900 3192 ingenuae
919 3135 948 3179 et
969 3130 1104 3193 elegantes,

198 3201 365 3263 opponuntur
377 3193 552 3245 illiberalibus
564 3192 697 3260 opificum,
706 3195 815 3257 memte
824 3195 903 3246 eciam
912 3198 1106 3263 philosophiam

198 3272 223 3317 et
235 3264 360 3316 mathesin
372 3263 510 3320 coruinent,
523 3263 625 3313 subtiles
638 3262 733 3326 quippe
745 3268 768 3311 et
780 3270 877 3315 acutas.
896 3264 911 3297 *
923 3267 1030 3335 elegans
1041 3268 1107 3319 ilici.

197 3341 333 3399 turporro
343 3332 372 3383 de
389 3331 477 3390 seruis,
489 3331 578 3395 pueris
594 3331 717 3388 delicatis,
734 3336 758 3380 et
774 3332 855 3383 uariis
866 3334 966 3386 artibus
986 3337 1104 3389 nuduis.

198 3403 277 3455 Raso.
292 3405 383 3454 Amor.
397 3404 438 3451 41.
457 3399 660 3462 elegantissimae
673 3398 790 3451 familiae
803 3417 954 3467 puerorum.
974 3403 1105 3474 *elegans

197 3474 294 3523 dicitur
302 3471 388 3528 etiam,
410 3469 455 3532 pui
474 3468 589 3519 nntium
600 3474 667 3519 tenet
678 3469 748 3520 inter
764 3484 876 3535 parcum
887 3479 912 3524 et
923 3473 1104 3542 magnificum,

195 3541 317 3594 mundus.
352 3539 399 3592 0r.
412 3540 455 3591 25.
473 3537 657 3603 eielegantia.
