2567 4209
478 325 730 388 ammireris.
1013 346 1075 406 103

638 490 646 503 ὁ

142 491 256 560 negotii.
277 488 429 551 *coercere
442 488 558 551 domare,
571 506 588 541 r
647 504 726 542 mere.
762 488 834 543 Phil.
847 492 875 544 ii.
892 495 917 546 9.
937 494 1071 564 impetum

142 561 274 629 oppilatis
288 562 366 614 realis
379 560 562 626 comprimere.
582 505 650 611 lini.
664 559 697 611 i).
715 559 744 611 ii.
758 562 801 611 59.
822 563 994 627 comprimere
1012 582 1071 634 ges·

146 632 274 683 tientcm.
294 630 356 682 Fat.
373 632 400 681 5.
418 637 544 682 naturam
556 630 597 680 ita
608 644 669 680 esec
681 628 829 683 edomitam
841 636 924 699 atque
943 648 1072 701 compree-

146 698 349 754 mmdoctriua.

182 768 385 822 Concurrere.
421 767 488 821 Nat.
501 767 535 819 D.
549 767 577 821 ii.
587 770 613 819 3.
640 783 740 822 numen
756 768 868 823 deorum
885 774 1071 838 comprobare.-

148 839 177 891 b.
190 854 216 890 c.
240 838 341 891 credere
353 839 412 891 deor
423 854 483 890 erre.

182 906 408 961 Couraouiseeu
425 913 470 968 ert,
483 921 545 959 cnm
554 911 665 972 meoque
680 906 845 972 wamiam
856 924 920 975 porr
929 912 1071 977 promittit,

150 993 176 1029 re
187 976 285 1029 arbitri
295 978 377 1029 murti
388 976 514 1028 cententio
521 981 658 1035 elaturum,
666 973 807 1042 misereri,
817 985 915 1030 certam
924 982 1072 1045 pecuniam,

151 1052 181 1098 ec
192 1047 222 1097 in
233 1045 378 1112 spontione,
391 1045 559 1097 omirrurom.
573 1060 600 1096 v.
613 1045 833 1110 compromittere.
865 1047 943 1100 Rosc.
957 1048 1033 1103 Com.
1046 1056 1072 1103 4.

151 1114 218 1184 quid
234 1116 274 1167 ita
285 1114 320 1166 de
332 1117 382 1167 bac
394 1115 511 1182 pecunia
520 1141 532 1154 ·
542 1113 597 1165 ·dc
609 1119 716 1166 tuarum
728 1115 881 1169 tabularum
893 1116 945 1170 tide
956 1134 1075 1186 compro-

151 1185 263 1237 mireum
275 1182 380 1244 leceris,
393 1184 525 1236 arbitrum
537 1187 671 1242 sumseris,
684 1188 739 1235 etc.
759 1183 837 1236 Verr.
846 1186 875 1237 ii.
884 1188 928 1238 27.
942 1188 1074 1255 judicium

151 1253 187 1307 de
199 1254 394 1319 compromirro.
416 1252 493 1305 Vcrr.
506 1254 535 1306 ii.
551 1255 594 1305 27.
613 1252 714 1321 poenis,
728 1254 969 1321 compromissisque
990 1258 1074 1311 inter-
1128 1261 1131 1264 ’

152 1324 247 1392 positio
261 1321 317 1375 HS.
330 1339 387 1375 ccc.
400 1322 586 1391 extorquenda
601 1324 723 1374 curavit:
742 1322 866 1390 quodque
878 1324 1011 1391 judicium
1032 1344 1073 1380 so·

152 1391 270 1446 cundum
282 1391 440 1445 Heraclium
461 1391 495 1443 de
515 1391 710 1457 compromirn'a
729 1390 911 1454 sacrament,
925 1399 980 1447 etc.
1024 1397 1076 1450 Sed

151 1463 279 1527 munium
290 1461 357 1513 illud
364 1475 448 1526 genui
466 1459 650 1526 compromisit
661 1460 720 1511 inde
737 1461 842 1520 dmbur.
859 1470 888 1513 nt
900 1479 931 1513 ee
942 1466 1075 1520 notatione

153 1530 320 1596 intelligitur,
334 1531 402 1596 quod
412 1536 519 1596 uterque
536 1529 671 1595 promittit
689 1535 714 1580 et
733 1529 803 1581 inter
814 1546 855 1582 eor
866 1532 896 1582 de
907 1536 1073 1597 reconvenit,

147 1600 371 1665 eomprcmierum
390 1600 421 1651 in
437 1613 532 1663 genere
551 1598 649 1650 dicitnr
667 1613 743 1649 ornne
762 1598 798 1659 id,
819 1600 848 1650 de
869 1602 1075 1665 qeminterdemr

152 1674 241 1734 parter
252 1668 378 1721 convenit.
413 1666 632 1722 sumniam.
645 1670 688 1718 30.
725 1666 804 1718 Sede
816 1670 950 1737 magistris
962 1669 1076 1739 (auctio-

155 1737 209 1807 nis)
220 1753 282 1790 cnm
297 1736 488 1789 contenderem
506 1736 540 1788 dc
558 1734 717 1802 proterendo
729 1735 782 1794 die,
799 1738 981 1802 probaverunt
1000 1743 1075 1802 mibi,

156 1822 291 1944 peragro
303 1807 389 1859 minue
402 1805 429 1859 id
442 1805 572 1865 lacerent,
589 1809 619 1857 et
631 1804 817 1870 compromisso
836 1810 866 1857 ct
886 1809 947 1872 jure
961 1810 1076 1875 juraitdc

157 1892 195 1931 lm
251 1892 293 1928 iri.

193 1944 445 1997 Coureouirrena
463 1944 594 2006 elimentur,
607 1943 679 1996 inter
690 1957 753 2008 pum
764 1943 793 1995 de
806 1959 835 1994 re
847 1958 1006 2010 puerumque
1018 1963 1078 2002 eoro-

158 2015 237 2076 oenct,
250 2015 344 2080 quique
356 2014 457 2080 clipuid
468 2014 497 2065 de
509 2013 645 2065 communi
652 2012 779 2064 eudemio
787 2018 904 2065 statuunt
916 2014 1075 2082 rescituros,

158 2083 312 2151 interposite
323 2083 469 2136 arbitraria
478 2098 571 2149 poene.
603 2081 658 2139 Qu.
668 2080 713 2134 Fr.
729 2081 759 2133 ii.
774 2085 815 2134 tt.
835 2083 972 2139 tribunicii
985 2086 1077 2140 caudi·

158 2152 217 2206 dati
229 2152 472 2219 compromiserunt,
485 2151 542 2206 Hs.
555 2152 696 2222 quingenis
717 2154 745 2202 in
757 2152 873 2220 singulos
885 2155 956 2219 apud
976 2155 1013 2207 M.
1026 2155 1078 2209 Ca·
1096 2171 1103 2184 .

160 2227 252 2275 tonem
264 2222 404 2289 depositio,
417 2227 513 2289 petere
525 2224 581 2290 etus
593 2222 737 2281 arbitratu,
756 2224 845 2290 utqui
861 2228 956 2275 eontra
968 2224 1080 2282 tecisret

160 2293 196 2345 ab
207 2307 240 2344 eo
250 2290 482 2344 condemnaretur.
744 2309 746 2314 ·

195 2359 397 2413 &urceorum
434 2359 482 2412 Or.
495 2361 524 2412 ii.
537 2362 579 2412 38.
598 2374 770 2425 eornpongere
791 2374 820 2411 ee
831 2361 885 2412 suis
894 2363 1077 2420 acuminibus:

161 2430 191 2481 de
203 2428 351 2489 dialecticis,
363 2430 394 2481 in
409 2429 508 2494 primis
527 2427 629 2487 Stoicis,
643 2429 748 2487 dicitur,
761 2428 807 2491 pui
818 2427 953 2481 dbcoluere
966 2431 1078 2498 incepti·

161 2498 257 2551 rabilia
275 2513 293 2549 o
310 2513 335 2549 re
355 2504 459 2563 reperta
476 2497 530 2563 ipei
549 2511 603 2547 non
618 2501 734 2559 possunt.
752 2496 794 2545 sed
804 2495 833 2545 de
852 2497 971 2559 rtigrmte
982 2505 1082 2557 normis.

161 2566 214 2620 on
228 2567 256 2617 ii.
270 2570 294 2618 7.
313 2572 479 2631 compunctus
490 2565 560 2616 notis
573 2563 717 2615 Threiciis.

196 2635 317 2693 Conari,
334 2649 384 2698 pro
393 2648 476 2699 porro,
489 2631 580 2682 conari
591 2646 652 2681 cum
663 2627 761 2694 effectu,
774 2630 826 2681 ciue
836 2645 887 2694 pro
899 2632 998 2685 actione
1010 2637 1077 2701 ipre.

162 2705 190 2758 in
202 2702 305 2754 caecil.
318 2704 360 2752 14.
379 2701 408 2751 de
421 2699 583 2751 Horten-rio.-
600 2713 744 2767 nnmqnam
760 2698 815 2750 uilo
832 2698 946 2751 artificio
963 2717 1006 2754 ure
1017 2721 1080 2771 pes.

161 2774 266 2828 vertet,
279 2784 343 2821 num
362 2784 423 2820 uam
438 2768 545 2837 ingenio
557 2783 601 2819 mc
618 2781 665 2819 sno
676 2768 839 2820 labefactare
851 2771 934 2836 atque
947 2771 1079 2829 infirmare

162 2838 310 2895 coemitur.
343 2785 389 2888 dic
402 2837 480 2889 Verr.
491 2837 519 2889 ii.
533 2841 572 2888 14.
592 2837 693 2889 leviore
705 2837 752 2889 illo
763 2836 876 2889 artificio
884 2841 991 2907 aggredi
1004 2857 1080 2896 conc·

163 2918 217 2970 tur,
228 2923 279 2975 pro
290 2906 453 2977 aggreditur.
472 2905 487 2939 *
499 2905 659 2958 inanimum
669 2906 797 2966 inducere,
809 2907 951 2959 decemrere.
970 2910 1004 2961 ad
1016 2912 1078 2968 niv.

162 2996 190 3033 v.
204 2983 230 3030 4.
249 2992 302 3045 qna
315 2976 440 3028 inductur
450 2974 483 3029 ad
496 2980 525 3029 te
537 2976 656 3027 scribere
668 2990 727 3026 reem
738 2980 853 3026 emetur.

200 3046 378 3099 fflncrnano.
402 3045 469 3098 Nat.
478 3045 511 3096 D.
525 3045 565 3098 iii.
579 3047 620 3096 10.
640 3045 776 3096 concubuit
785 3059 876 3096 manus
883 3059 975 3111 opere.

203 3116 344 3178 Conccno,
360 3116 494 3181 permitto.
507 3115 573 3182 Agr.
583 3116 602 3166 i.
617 3116 641 3165 1.
660 3128 735 3182 agros
747 3114 890 3165 concedere.
901 3130 927 3166 o.
939 3121 963 3165 et
975 3133 1082 3173 concae·

166 3188 216 3239 rio.
242 3185 334 3237 *cedo
356 3184 390 3236 ad
402 3184 464 3236 nn.
478 3186 514 3235 ir.
527 3186 553 3235 3.
572 3183 679 3235 concedo
699 3183 809 3242 nemini,
829 3185 875 3250 qui
895 3187 1024 3252 majorum
1044 3205 1079 3242 ex

166 3256 287 3323 pernicie
308 3255 376 3321 reip.
397 3254 550 3306 molestiam
570 3254 696 3305 traxerit.
726 3253 788 3303 Att.
807 3254 862 3303 xiv.
880 3256 921 3303 18.
945 3268 1033 3322 neque
1053 3260 1080 3311 ei

168 3323 311 3443 quidffliam
325 3324 353 3374 io
365 3323 553 3389 desperatione
565 3322 680 3373 concedo.
702 3318 778 3373 Verr.
792 3324 820 3372 ii.
834 3326 877 3371 44.
895 3327 926 3373 ut
935 3325 980 3375 vix
993 3325 1080 3392 Apro·

168 3392 213 3444 nio
280 3392 468 3445 familiaritate
489 3390 621 3442 concedere
642 3388 776 3442 videatur.
813 3389 891 3441 Rosc.
913 3392 975 3441 Am.
989 3396 1031 3444 40.
1049 3396 1079 3449 cte

168 3465 229 3513 arte
248 3462 392 3513 concedere.
418 3460 468 3511 brec
487 3459 600 3524 pertinet
620 3460 689 3510 tecm
713 3457 797 3510 Catil.
810 3460 828 3509 i.
841 3460 867 3508 9.
894 3459 940 3509 ubi
953 3459 1080 3518 Graevius

166 3531 243 3581 babet
259 3528 366 3588 cedere.
386 3528 502 3593 omleque
520 3533 598 3591 negat
617 3525 765 3579 concedere
777 3526 813 3578 ric
825 3526 886 3579 dici.
905 3526 1080 3586 *coredoom

167 3597 246 3652 Verr.
260 3599 279 3655 i.
291 3600 334 3651 49.
353 3597 472 3668 quidest
484 3595 558 3652 eliud
571 3601 685 3664 peccata
696 3596 828 3649 concedere
840 3597 971 3660 omnibus,
983 3599 1019 3656 ef.
1031 3601 1079 3666 Or.
