2567 4209
507 281 750 338 nnutmuaum
1030 293 1086 352 151

178 438 386 510 tromfundituc.
399 457 423 494 n.
436 438 561 493 Lambin.
574 440 608 492 ud
618 438 715 491 Horat.
724 437 811 505 Epietss
820 440 840 492 i.
850 444 875 490 5.
885 445 910 492 4.
927 438 1090 495 Tolentinum

178 514 299 565 bibebant
322 512 478 564 honestiores
498 516 521 561 et
546 510 727 561 delicatiores:
744 508 778 559 de
790 508 862 561 dolio
878 510 970 561 uinum
989 517 1091 564 tenues:

178 582 244 634 unde
252 597 269 632 a
280 580 404 633 Cicerone
416 579 539 646 objicitur
549 578 679 630 Antonio.
691 593 716 628 o.
729 576 839 631 dolium.

214 649 404 702 Daunuannnn
417 666 434 701 a
444 648 553 701 Zenone
570 648 651 700 Tusa.
666 649 694 699 ii.
707 649 750 698 25.
769 647 877 713 deficere
888 648 920 699 ub
939 647 994 715 ciue
1010 650 1092 714 placi·

179 720 220 780 tir,
231 735 290 770 eum
301 719 337 770 eie
349 719 460 771 Stoicus.

213 788 391 841 Dnuusuann.
428 788 488 840 ntt.
503 790 539 839 iv.
549 790 575 838 8.
587 792 618 840 tu
626 788 734 839 celime
748 785 832 839 Fabio
842 784 962 846 odorere,
971 790 1002 838 ct
1011 788 1092 840 ictum

177 859 318 910 convivam
332 862 408 910 tuum
420 858 551 921 deputer:
570 858 589 908 i.
601 873 626 908 a.
640 856 777 920 expiscere,
790 861 879 906 tenter.

214 928 364 988 Dntncnns.
403 926 480 979 Verr.
489 926 528 978 iii.
542 928 584 977 51.
603 931 723 977 aratores
735 924 832 991 deiecti,
846 924 927 975 eoacti
944 939 1023 990 ugron
1034 940 1093 979 auor

178 995 292 1047 deterere
302 1001 410 1061 propter
421 997 525 1048 damno.
561 994 644 1047 Sedu.
658 1000 712 1044 not.

215 1064 338 1124 Duucto,
356 1065 470 1125 deiram,
482 1064 564 1118 mmo.
589 1063 670 1115 Tunc.
683 1064 702 1114 i.
715 1066 741 1114 8.
759 1062 822 1115 ride
833 1066 962 1131 quantum
976 1064 1040 1114 mali
1058 1063 1092 1115 de

180 1133 295 1185 hnmana
313 1133 464 1187 conditione
483 1133 611 1199 dejecerit.
638 1133 667 1184 ii.
686 1135 712 1183 5.
725 1136 854 1200 quantum
877 1132 911 1183 da
930 1132 1027 1184 doloris
1039 1137 1094 1185 ter·

180 1217 242 1254 rore
274 1202 401 1269 dejecerit.
451 1204 528 1256 Vere.
553 1218 579 1254 t.
611 1204 654 1253 49.
694 1203 716 1253 si
748 1208 851 1252 metum
882 1203 951 1251 hunc
985 1202 1093 1254 Siciliae

179 1271 300 1336 dejecere.
354 1271 451 1324 *Ptm
477 1274 512 1325 ix.
539 1277 564 1324 4.
601 1270 706 1337 dejieere
738 1270 854 1349 aliquem
885 1268 920 1321 de
947 1274 1092 1322 sententia.

180 1338 289 1409 *chici
304 1341 433 1405 eleganter
452 1342 582 1400 dicuntur,
596 1341 641 1405 qui
661 1356 733 1405 rpem
744 1340 855 1404 clieuyut
866 1338 1001 1395 commodi,
1015 1342 1095 1391 boeto·

179 1409 229 1468 ric,
246 1411 413 1475 consequendi
432 1412 558 1462 ominum
569 1416 643 1474 utqete
655 1406 895 1474 repulsumserunt.
914 1408 946 1459 ad
960 1406 1021 1459 Diu.
1035 1410 1092 1460 viii.

143 1543 147 1544 7
182 1482 208 1528 4.
227 1478 255 1529 de
273 1480 382 1542 petitme
400 1479 556 1530 redditotie:
575 1494 647 1544 nam
662 1478 700 1529 M.
722 1476 844 1530 Coelium
869 1478 1046 1545 promulgatio
1058 1478 1093 1531 de

182 1544 317 1598 dictatore
330 1549 418 1599 subito
429 1546 526 1612 dejecit,
539 1546 710 1613 dejectumque
729 1562 825 1614 magno
843 1548 960 1597 clatnora
974 1549 1095 1600 insecuta

183 1619 235 1667 est.
272 1615 428 1667 Murenae.
463 1615 581 1672 Quimus
589 1615 698 1667 Tubem
710 1616 840 1668 Praetura
851 1615 958 1681 dejectus
970 1623 1015 1667 eet.
1029 1620 1093 1669 Act.

184 1685 203 1735 i.
217 1681 332 1735 inVerr.
346 1688 371 1735 8.
398 1686 419 1736 si
442 1700 486 1736 me
505 1685 647 1737 aedilitate
666 1685 819 1749 dejecissent.
846 1682 1046 1751 *desomnem
1060 1686 1094 1738 da

184 1752 276 1821 gradu,
286 1760 310 1803 et
322 1752 356 1803 de
368 1758 441 1810 statu
453 1753 578 1821 dejicere.
590 1754 642 1804 uid,
656 1754 685 1804 irc
696 1752 799 1821 gradus,
812 1758 840 1804 et
850 1758 944 1806 status.
963 1752 1093 1807 *Verrin

184 1825 222 1873 iv.
237 1825 279 1873 40.
299 1824 477 1889 praecipitem
491 1825 518 1874 in
530 1822 746 1891 foeumaliquem
757 1821 879 1887 dejicere:
898 1819 1096 1889 8018114521)-

182 1906 244 1957 pen.
271 1890 402 1942 *uerbum
421 1893 462 1944 rei
480 1892 616 1944 militarie.
653 1892 788 1943 Verreiii.
803 1894 843 1941 16.
870 1894 1095 1960 propugnaculum

185 1959 300 2025 inicere.
320 1958 456 2020 *uincere
475 1962 572 2012 tollere.
608 1960 799 2012 Γ1111811487.
827 1962 895 2012 vitia
914 1963 1018 2014 ratione
1038 1978 1094 2015 ase

183 2028 355 2095 essedejecto.
392 2031 460 2098 Tap.
482 2035 521 2082 17.
552 2032 769 2096 perturbationes
785 2029 950 2095 dejiciuntur.
987 2031 1093 2083 *Rosc

185 2096 260 2149 Com.
273 2101 299 2150 2.
320 2100 386 2152 haec
409 2102 517 2152 nomina
537 2105 598 2151 sunt
610 2100 704 2165 dejecto
723 2099 772 2170 (sc.
790 2100 816 2150 in
830 2100 940 2170 tabulis)
959 2102 1021 2152 illae
1045 2100 1094 2170 (sc.

184 2166 306 2238 tabulae)
326 2169 360 2219 in·
372 2170 492 2221 ordinem
512 2170 662 2222 conlectae.
680 2171 723 2221 ced
740 2186 790 2235 pro
802 2168 909 2238 dejecta
920 2170 969 2220 ulii
988 2172 1096 2223 nmlbnt

185 2235 306 2303 disjecta,
326 2245 373 2289 out
390 2240 475 2291 simile
495 2239 568 2304 quide
593 2240 697 2292 *Rosa
710 2241 803 2291 Amen.
817 2242 859 2290 35.
890 2240 975 2290 babeo
994 2240 1094 2301 dicere,

185 2321 264 2373 quem
277 2312 372 2359 contra
383 2324 485 2360 morem
499 2312 635 2375 majorum,
651 2312 779 2361 minorem
793 2307 992 2366 1„X.annis‚de
1013 2315 1095 2375 ponte

186 2374 213 2425 in
226 2377 346 2428 'liberlm
366 2378 492 2443 dejecerit.
536 2377 655 2434 Senioree
675 2377 737 2428 LX.
761 2376 838 2427 annia
854 2377 884 2427 in
901 2378 1014 2429 emnitic'c
1037 2395 1096 2431 cum

184 2452 292 2509 pontem
302 2462 332 2495 ec
344 2461 396 2496 uno
416 2452 486 2512 cepto
507 2447 537 2497 in
557 2448 669 2497 olerum
680 2446 830 2502 transirent,
851 2444 1043 2508 dejiciebantur,
1063 2464 1096 2499 ne

186 2511 345 2577 ncffrcgium
359 2511 475 2578 ferrent,
495 2514 561 2565 unde
585 2514 729 2579 depuntani
751 2528 838 2563 senes.
856 2513 871 2543 *
883 2512 962 2578 dejici
974 2515 1097 2567 dictentur

187 2584 267 2632 etium
280 2582 309 2631 in
320 2582 399 2631 edicto
409 2583 548 2646 praetoria,
561 2583 607 2644 qut
618 2582 645 2631 ui
657 2581 685 2631 de
700 2578 790 2644 fiendo
802 2586 847 2629 ont
870 2581 924 2630 aliu
939 2584 1096 2645 porrectione

188 2651 277 2713 aliquo
286 2649 359 2712 pulsi
369 2656 438 2699 sunt.
473 2649 619 2700 Caecina
639 2653 678 2707 ut,
691 2647 761 2699 unde
781 2648 914 2712 dejecisset,
929 2651 1096 2704 restitueret.

187 2716 260 2784 esa
275 2722 316 2767 11.
326 2718 367 2767 12.
404 2717 498 2773 Quint.
511 2720 553 2769 25.
573 2717 628 2768 *de
640 2717 722 2768 ontis
733 2724 768 2768 eet
777 2724 871 2775 everto,
884 2718 1007 2770 dimoceo.
1027 2720 1097 2773 Phil.

190 2787 208 2837 i.
225 2791 247 2836 1.
266 2801 316 2836 nec
339 2801 356 2835 a
374 2788 479 2852 republ.
500 2786 649 2852 dejiciebom
657 2786 759 2837 oculos.
772 2786 807 2837 cl.
828 2786 903 2839 Veri.
917 2789 953 2839 iv.
969 2792 1009 2840 15.
1034 2791 1098 2844 *re-

189 2856 263 2907 uello.
277 2854 371 2915 Quint,
385 2857 410 2905 6.
429 2854 535 2920 dejicere
548 2855 664 2908 tinctos.
685 2871 721 2905 sc.
741 2856 832 2918 qteibue
844 2858 929 2908 erectio
939 2860 1095 2926 proscripta.

190 2923 206 2957 *
218 2924 321 2989 repello.
334 2922 417 2973 u'r'ceo.
455 2923 531 2976 Verr.
545 2941 571 2976 r.
585 2926 627 2975 82.
646 2924 762 2975 verbera
772 2941 789 2974 a
800 2939 829 2975 se
842 2924 956 2989 dejicere.
993 2927 1065 2980 Phil.
1078 2931 1096 2981 1.

190 2996 216 3046 2.
231 2997 318 3061 'ugum
330 3008 347 3043 a
358 2993 507 3045 cervicibus
518 2993 633 3059 dejicere.
1064 2997 1070 3008 '

223 3012 393 3114 ilntuucnus.
418 3079 424 3100 ι
439 3064 524 3115 necin.
537 3065 581 3115 32.
599 3062 724 3127 dejtenctu,
738 3062 899 3114 interdicta:
919 3078 936 3114 ι.
950 3080 975 3116 e.
988 3066 1097 3118 diverso.

191 3130 274 3184 Unir.
288 3134 318 3182 5.
326 3131 451 3202 dejunota
462 3138 629 3197 opponuntur
642 3130 746 3182 iisdem.
907 3123 918 3152 ‘⁸

176 3235 177 3240 ,
226 3201 401 3252 Dntnncnan.
438 3200 503 3252 Nat.
517 3201 549 3252 D.
563 3202 581 3252 i.
593 3203 634 3251 15.
661 3205 731 3253 extr.
752 3200 868 3266 dejungit
888 3217 904 3252 a
924 3202 1021 3255 fabula
1041 3207 1097 3257 ie.

191 3269 283 3320 eximit
285 3266 398 3334 fltbulic.

226 3335 369 3396 Daunion.
394 3337 455 3389 ntt.
468 3337 515 3388 xii.
529 3344 573 3390 47.
600 3356 633 3391 eo
646 3341 728 3406 magis
740 3339 842 3390 delebor
853 3339 887 3390 ad
899 3339 1027 3396 Clodiam,
1041 3342 1067 3391 b.
1076 3357 1097 3392 e.

192 3420 222 3456 eo
233 3406 319 3469 magia
330 3406 427 3460 inclino
439 3406 469 3457 in
488 3423 545 3458 earn
562 3415 674 3473 partem,
694 3416 723 3459 ne
734 3406 838 3458 Clodiae
851 3411 937 3458 tortos
950 3425 1042 3459 einum.
1063 3409 1098 3467 Q.

193 3472 238 3524 Fr.
253 3473 271 3524 i.
285 3473 346 3524 lic.
358 3476 383 3524 6.
409 3474 455 3527 aed
467 3477 565 3537 nescio,
578 3476 709 3547 quomodo
728 3476 761 3527 ad
774 3477 955 3542 praecipiendi
969 3479 1100 3531 rationem

192 3541 297 3610 delapso
305 3548 343 3596 eet
353 3544 439 3620 cratin
450 3560 520 3600 mea.
539 3546 555 3581 *
567 3547 715 3601 Partit.28.
730 3548 757 3599 in
764 3544 896 3615 judicium
907 3547 1099 3610 debendum.
