2567 4209
492 322 745 378 assistemus.
1021 326 1080 388 til

198 482 397 542 Drrrrcuuuue
416 482 517 547 inopia.
537 481 616 533 Verr.
631 483 660 533 ii.
673 483 715 532 28.
735 478 1012 550 ditmmdmoumaria.
1038 479 1089 533 Ca·

164 552 208 606 til.
222 554 240 605 i.
253 557 278 605 6.
297 552 433 619 difficultas
445 552 603 610 domestica.
617 554 644 604 h.
657 567 683 603 e.
696 566 738 602 aes
750 551 875 602 cinctam.

200 623 373 676 Derruacac.
409 621 489 675 Brut.
508 623 551 672 m.
570 620 689 688 dr'fflmre
709 628 789 673 extra
812 621 893 688 ripas.
935 618 988 673 Off.
1006 620 1024 671 i.
1041 623 1084 677 30.

163 690 281 760 dmiccc-e
294 692 407 745 luxuria.
444 692 492 743 Or.
505 691 545 744 iii.
555 693 597 743 32.
625 694 683 744 otio
695 689 823 756 difflmre,
839 690 963 741 dicamur
982 689 1020 750 di,
1041 692 1088 755 qai

163 762 234 815 ntea
243 778 324 829 necere
334 761 435 828 pattici
445 776 527 826 aecae
537 762 639 827 priuati
662 761 762 826 negotii
774 761 876 819 tabent,
896 760 964 825 estod
973 775 1086 812 neeessa-

163 831 206 884 rio
218 832 253 884 rit
261 832 415 892 obeundam,
429 831 516 896 mater
528 837 588 882 rant
600 831 668 883 docti
680 831 806 890 tamtam,
817 830 863 895 qai
879 829 974 881 irratio
986 830 1085 882 cicant.

163 900 243 955 Brut.
256 904 300 954 79.
318 901 468 954 diffluentia
487 906 656 967 opponantur
667 901 717 960 isis,
731 914 796 965 qaae
819 900 938 951 numeris
955 899 1087 952 adstricta

163 979 233 1032 sam,
246 987 300 1024 non
318 985 467 1031 cammaro,
478 971 545 1022 atter
557 970 661 1022 soluta.⁴
691 969 736 1021 Sia
748 970 797 1022 Or.
811 973 853 1021 70.
871 967 992 1036 deffluear
1004 974 1034 1021 et
1046 986 1088 1022 so·

165 1044 262 1095 tutum.

200 1111 357 1164 Drrrnnoo.
393 1108 455 1164 Div.
469 1110 487 1162 i.
498 1113 542 1162 36.
561 1109 599 1162 dii
612 1111 668 1162 rim
688 1126 763 1162 suam
776 1110 853 1177 longe
866 1108 976 1177 iateque
990 1106 1089 1174 diffun-

164 1182 237 1233 dnm.
275 1177 351 1233 Laei.
366 1183 408 1232 13.
434 1183 522 1233 virtus
545 1197 582 1232 ex
602 1181 677 1232 banis
698 1180 779 1232 amici
791 1182 867 1247 quasi
879 1177 1045 1245 diffamitm,
1058 1184 1090 1232 et

164 1250 340 1305 incommodis
352 1251 523 1303 contrahitur
538 1271 544 1301 :
564 1252 590 1303 ir.
604 1265 629 1302 o.
644 1250 772 1302 laetitiam
781 1249 904 1315 percipit.

200 1322 342 1374 Drrrasas.
360 1319 488 1386 diffaemn
499 1320 604 1379 dicitnr,
618 1321 687 1384 quad
702 1335 756 1371 aaa
775 1324 811 1370 eet
831 1319 865 1368 ad
877 1314 1003 1385 somnam
1021 1317 1088 1370 artie

54 1447 59 1450 ,
164 1392 307 1449 redactam,
320 1391 369 1441 Or.
383 1392 402 1443 i.
415 1393 458 1441 42.
486 1391 554 1443 haec
576 1387 813 1458 ignotaquondam
834 1388 958 1440 omnibus
978 1393 1008 1440 et
1034 1389 1089 1440 tate

166 1457 263 1525 ditium
275 1459 445 1512 videbantur.
459 1458 582 1512 adhibita
594 1461 733 1526 igiturest
745 1474 788 1510 ars
800 1455 940 1525 quaedam,
953 1460 1009 1509 etc.
1024 1457 1089 1509 ibid.

167 1529 197 1579 ii.
207 1531 251 1579 33.
264 1531 308 1595 jus
318 1529 407 1588 civile,
417 1528 486 1596 quod
496 1544 566 1580 nunc
574 1526 700 1594 diffusam
709 1533 738 1580 et
747 1527 906 1594 dissipatum
914 1533 965 1586 est.
976 1528 1002 1577 in
1012 1533 1090 1580 certa

166 1613 266 1664 genera
278 1602 443 1657 coacturum,
457 1601 487 1648 et
499 1597 533 1648 ad
546 1602 634 1650 artem
648 1599 727 1649 tacite
740 1597 922 1650 redacturum.
959 1595 974 1628 '¹‘
987 1595 1089 1648 Partit.

168 1669 210 1719 30.
231 1667 319 1734 palma
332 1665 544 1718 adversariorum
555 1672 696 1720 contentio
707 1664 831 1730 diffusam
841 1668 1026 1733 quaestionem
1045 1668 1091 1718 ha·

167 1738 225 1796 bet,
238 1743 270 1787 ut
284 1739 311 1787 in
323 1738 479 1803 conjectura
492 1755 498 1786 :
517 1738 660 1802 ceperitne
677 1739 819 1803 pecuniam
839 1734 939 1787 Decius
951 1762 963 1775 ·
974 1762 986 1775 ·
997 1763 1009 1775 -
1021 1738 1089 1788 haec

157 1806 221 1859 'iota
232 1811 264 1858 ut
276 1805 332 1858 dixi
345 1811 375 1856 et
387 1803 498 1872 caesara
508 1809 579 1857 sunt.
598 1806 732 1857 rationum
745 1810 775 1856 et
786 1805 1015 1858 firmamentorum
1027 1821 1090 1859 coo·

167 1878 257 1928 tentio
269 1874 379 1926 adducit
392 1876 419 1926 in
432 1880 573 1944 angustum
590 1873 811 1942 disputationem,
824 1880 880 1927 etc.

202 1944 353 1996 Dicturus·
389 1945 451 1996 Ate.
465 1947 502 1996 ix.
516 1947 542 1996 9.
567 1948 645 1997 taum
657 1945 792 2008 digamma
803 1945 935 1997 videram.
953 1944 1090 2015 digamma

168 2020 204 2065 ert
213 2014 322 2081 proprie
335 2014 413 2065 litera
425 2014 455 2065 F.
470 2029 500 2065 ea
508 2020 595 2066 autem
607 2014 671 2079 qaia
683 2014 816 2080 estne-ima
827 2015 857 2066 in
867 2015 993 2067 Foenoris
1001 2017 1089 2079 aeria,

164 2090 305 2150 propterea
324 2084 413 2135 ladem
432 2083 524 2136 Cicero
536 2085 671 2149 digamma
682 2082 837 2152 defaecare
856 2084 951 2137 diaiese
969 2091 1097 2151 amatur..

107 2185 110 2193 .
165 2153 234 2219 quod
243 2154 313 2207 mitti
324 2155 401 2206 aerbo
413 2155 535 2207 videram
545 2169 601 2207 aaa
611 2155 748 2207 conuenire
756 2154 866 2207 ae'detar.
885 2154 991 2220 qnidam
1002 2161 1092 2207 antem

165 2225 270 2275 matam
280 2224 413 2288 corrigere
426 2224 600 2295 diagramma,
613 2232 638 2278 et
649 2225 803 2290 adedigam
814 2225 915 2277 raram
926 2231 1090 2293 comptarum

164 2299 190 2344 et
202 2309 382 2359 espencaeum.

200 2362 357 2422 Baccanae,
378 2364 407 2415 ia
417 2371 505 2430 pomer
517 2371 602 2417 totam
613 2371 660 2416 ant
671 2362 814 2430 informas
823 2379 906 2428 genas
924 2365 1088 2418 distribuere.

165 2431 214 2485 Or.
228 2433 257 2485 ii.
267 2438 309 2486 19.
321 2438 354 2485 ut
366 2449 411 2485 ecs
425 2437 492 2486 item
506 2438 629 2502 quatuor,
639 2435 767 2501 quinque,
780 2449 862 2485 sexve
875 2435 919 2485 vel
932 2437 1016 2487 etiam
1029 2451 1092 2503 sep·

166 2506 226 2555 tem
237 2501 374 2572 (quoniam
387 2503 469 2554 aliter
481 2504 516 2555 ab
528 2505 589 2555 aliis
601 2502 771 2571 digeruntur)
784 2504 810 2553 in
822 2518 888 2570 quas
901 2509 944 2554 est
955 2509 1041 2557 omnis
1054 2506 1090 2558 ab

167 2573 209 2623 iris
220 2573 308 2623 oratio
319 2572 475 2622 distributa.
496 2571 653 2629 *ordinare
671 2571 834 2621 constituere.
872 2571 964 2624 Rabir.
977 2572 1052 2625 Post.
1061 2575 1087 2626 9.

167 2639 307 2703 digesserat
318 2642 425 2704 optime
437 2655 524 2706 remp.
538 2638 633 2689 Graec.
647 2644 735 2690 tamea
746 2638 825 2701 tegit:
844 2644 973 2706 gesserat.

203 2707 348 2759 Dmus'rro.
384 2706 432 2757 Or.
446 2710 485 2759 iii.
498 2711 541 2759 ea.
560 2707 698 2772 infigaris
709 2707 848 2759 rhetoricis
859 2717 1089 2772 commmoratur,

147 2806 152 2812 ·
168 2782 361 2848 ctestmgremc
381 2774 451 2826 Phil.
462 2793 488 2827 r.
498 2781 523 2828 7.
534 2778 592 2844 ipse
601 2776 964 2842 intereaseptemetdecem
973 2779 1039 2840 dics,
1049 2780 1093 2850 (ut

59 2871 65 2880 ·
167 2845 276 2909 digestio
285 2848 463 2912 potiusquam
475 2845 637 2898 declamatio
645 2844 796 2915 rideretur)
803 2844 837 2899 de
849 2861 894 2898 me
906 2849 933 2899 in
946 2848 1091 2903 Tiburtino

169 2916 301 2982 Scipionis
325 2913 499 2975 declamavit,
521 2918 595 2967 sitim
620 2930 760 2983 qrraerens.
797 2914 829 2967 Si
846 2918 909 2968 tace
930 2921 1094 2984 parenthesis

168 2992 259 3037 ecreto
282 2983 414 3045 Cicerone,
434 2984 549 3053 digestio
573 2991 636 3036 erret
660 2985 808 3045 concoctio,
833 3001 914 3051 meam
935 2987 1089 3043 declamatio

166 3052 272 3121 afferre,
297 3060 322 3105 et
342 3054 495 3106 macarem
517 3054 636 3106 minuere
659 3055 810 3119 patebatur.
860 3054 911 3106 Sed
933 3062 999 3108 recte
1020 3064 1091 3111 esta

160 3121 282 3178 'Graecia
294 3124 447 3176 anctoritate
455 3123 665 3175 doctissimemm
676 3123 816 3175 homimem
827 3124 914 3191 ejecta.

201 3194 331 3247 Drmuus.
367 3193 446 3245 Verr.
462 3195 499 3245 iii.
524 3198 564 3246 li.
591 3193 673 3258 digito
696 3194 782 3246 liceri.
819 3195 987 3247 Verr.i.5t.
1014 3198 1090 3250 toltit

167 3264 282 3327 digitum
294 3283 302 3313 .·
322 3265 341 3314 i.
355 3280 380 3315 e.
395 3263 495 3315 licetur.
532 3265 594 3315 Att.
608 3265 656 3315 vii.
669 3267 695 3314 3.
715 3264 828 3328 digitum
840 3281 977 3334 nusquam,
991 3282 1025 3319 sc.
1038 3266 1089 3319 dis·

168 3334 265 3384 cedere.
300 3332 410 3384 Caecin.
428 3336 471 3385 25.
498 3350 552 3401 qua
570 3333 685 3397 dige'tam
696 3333 824 3400 proterat,
837 3351 889 3387 noo
904 3337 1005 3387 habet:
1025 3338 1051 3388 t.
1065 3354 1088 3390 e.

167 3401 238 3453 reiicit
248 3417 334 3465 agere,
346 3401 417 3454 nitati
428 3403 520 3454 moliri
530 3409 621 3468 potest.

203 3468 351 3531 Bramme,
370 3471 506 3538 definiente
516 3474 573 3538 ipso
585 3471 719 3533 Cicerone,
739 3472 846 3526 invent.
857 3474 885 3526 ii.
899 3477 942 3525 55.
955 3479 996 3527 est
1007 3476 1090 3529 alicu·

162 3543 207 3609 jus
216 3541 329 3593 honesta
340 3544 497 3602 auctoritas,
506 3558 575 3610 quae
588 3544 672 3601 cuitu,
682 3543 781 3596 honore
794 3549 825 3596 et
837 3544 999 3597 verecundia
1011 3545 1092 3615 digna

168 3614 221 3663 est.
257 3608 576 3677 Sediaeedetinitianon
596 3613 716 3664 omnibns
736 3613 798 3664 iocis
814 3614 941 3666 eonaenit.
977 3613 1091 3682 Etann-

166 3679 242 3732 m‘am
253 3695 327 3749 saepe
347 3680 378 3733 in
397 3682 446 3734 tae
457 3683 533 3735 verta
552 3681 748 3748 imergretaado
768 3684 899 3737 tirmiter
910 3699 979 3752 agata
990 3687 1092 3749 haeret,
