2567 4209
502 354 753 414 natlnl‘tn‘rts.
1029 360 1098 421 0234

211 518 349 573 amuco.
367 515 403 569 ad
414 514 476 573 Dio.
490 532 517 569 v.
532 520 573 570 10.
593 515 626 568 de
640 516 769 584 Dionysio
781 518 829 569 tno
840 513 928 568 adbuc
935 515 1002 567 nihil
1015 515 1095 568 sutd-

175 597 227 647 oot
246 591 264 642 i.
277 605 303 642 e.
316 587 429 655 reperio.
466 588 529 640 Att.
543 604 589 639 xv.
602 589 648 638 20.
666 586 766 639 solutio
777 586 921 639 extricata:
941 586 967 636 h.
981 601 1006 636 e.
1019 601 1094 654 enoe-

176 660 240 717 dito.

211 729 401 781 Exuacaaaaa
419 730 544 796 gratiam.
558 725 637 779 Brut.
653 729 695 778 42.
715 728 733 777 i.
747 741 772 778 a.
785 725 914 784 mireum,
923 725 952 775 rie
965 724 1074 776 invidio.

210 798 423 856 Exnacaasuns.
443 797 535 848 iratus.
572 796 663 864 DeJot.
676 799 702 847 3.
722 795 882 847 cooneratus
898 798 1011 847 animas.

209 869 336 920 Exanaa
377 866 453 919 Vere.
466 883 491 918 v.
504 869 547 918 68.
566 882 659 917 meere
671 881 701 917 so
713 881 748 917 ex
761 865 873 932 laqueis.

210 937 358 989 Ennaeas.
394 935 462 988 Nat.
470 934 504 987 D.
514 936 554 989 iii.
564 939 587 988 3.
609 936 677 987 mibi
689 950 724 987 ex
736 935 826 989 animo
837 933 915 985 esuri
926 948 979 986 non
991 935 1091 1001 potest,

164 1006 235 1060 'usa
248 1008 328 1058 Dans.
364 1005 517 1058 Sedunot.

211 1076 350 1128 Exuvias.
386 1075 478 1127 Manil.
492 1078 532 1128 10.
551 1073 659 1126 enuuitu
671 1074 807 1135 nauticae,
816 1078 876 1124 sunt
887 1078 973 1124 rostro
984 1072 1102 1127 noenu

177 1145 281 1214 &rapta
294 1151 318 1198 et
329 1151 463 1211 tamquam
475 1145 599 1198 uictoriae
611 1145 689 1209 signa
700 1144 798 1224 alicubi
809 1157 940 1209 suspenso.

616 1353 649 1406 F.

220 1488 383 1546 anaaaaa.
401 1494 614 1546 narratiunculae
626 1494 747 1559 vulgaros
758 1500 783 1545 et
793 1493 893 1545 inanes.
937 1491 999 1547 Diu.
1013 1495 1040 1547 ii.
1050 1494 1096 1546 38:

179 1564 384 1615 nommantitiaa
397 1564 522 1616 tabellae.
916 1580 919 1586 '

215 1632 350 1693 Facinus,
369 1634 537 1693 venustando
554 1632 749 1698 pulchritudine
767 1631 872 1697 generis
887 1631 1091 1694 obauditionis,

179 1701 279 1768 aanor
290 1707 371 1753 totam
383 1699 608 1768 oratiorumfuso.
639 1701 686 1753 Or.
700 1705 725 1754 0.
745 1703 790 1753 alii
804 1704 831 1753 in
844 1701 1093 1771 eademjejnnituta

180 1769 216 1841 (o.
223 1769 365 1842 jejunitas)
375 1772 567 1829 concinatores,
581 1772 631 1822 boc
644 1778 695 1830 est,
709 1768 806 1837 sueti,
819 1772 944 1824 florentes
956 1773 1049 1833 etiam,
1062 1777 1094 1826 et

179 1842 281 1894 leviter
292 1842 390 1892 ornati.
402 1839 437 1907 of.
448 1840 561 1901 Quintil.
574 1841 610 1892 ui.
624 1845 650 1891 3.
664 1845 689 1892 4.

216 1910 326 1970 Facias,
345 1911 374 1961 de
385 1916 440 1962 toto
451 1911 568 1976 corporis
580 1910 671 1963 babitu
689 1918 714 1962 et
732 1910 823 1975 speeie.
868 1909 947 1962 Rosa.
960 1909 1036 1963 Com.
1051 1913 1094 1963 10.

171 1976 261 2045 sorios
272 1993 324 2031 non
339 1984 408 2040 erat,
428 1996 471 2032 ass
491 1984 550 2033 arat
571 1981 700 2046 pretiosa.
713 2007 725 2019 -
736 2007 745 2018 ·
758 2007 770 2019 ·
782 1995 860 2033 nemo
880 1983 952 2032 enim
972 1995 1047 2046 eum&
1058 1997 1093 2035 ex

180 2053 277 2101 trunco
288 2052 406 2117 corporis
418 2051 569 2117 spectabat,
583 2048 630 2100 sed
642 2064 677 2101 ax
689 2048 802 2102 artificio
810 2051 913 2102 comico
921 2051 1092 2103 aestimabat.

178 2116 229 2170 Or.
242 2121 261 2170 i.
274 2120 317 2170 28.
336 2117 433 2186 facies,
455 2120 553 2180 vuitus,
573 2134 660 2171 sonus.
674 2124 708 2161 ·‘·
721 2134 771 2172 vox
792 2120 989 2189 tragoedorum,
1002 2127 1093 2189 gestus

138 2198 140 2203 '
180 2203 267 2256 paena
279 2205 442 2243 summorum
454 2194 585 2243 uotorum.
605 2189 619 2222 *
631 2189 694 2241 nou
703 2205 754 2257 pro
766 2191 867 2257 specie,
879 2190 1006 2256 inor-imis
1016 2207 1054 2251 eo,
1063 2191 1094 2243 in

179 2259 356 2324 nunnitus
369 2262 495 2326 quardam
510 2259 545 2311 sit
564 2265 609 2311 aut
633 2259 763 2326 noniestos.
799 2259 868 2311 Pbii.
883 2261 940 2312 viii.
953 2263 979 2310 8.
988 2257 1094 2326 faciem

179 2334 288 2381 senatus
307 2332 554 2397 auctoritatemque
574 2331 643 2395 reip.
657 2345 748 2383 seeum
767 2330 908 2381 attulerat
944 2327 1012 2381 Nat.
1026 2329 1092 2385 nu

179 2400 223 2449 ³8.
242 2401 316 2466 nujus
328 2398 500 2465 arebsasooie
514 2399 652 2465 patiantur
663 2400 756 2449 animi.

216 2466 331 2526 Facias.
350 2468 468 2519 libenter.
494 2467 547 2518 off.
562 2468 591 2517 ii.
603 2469 642 2516 19.
653 2465 739 2530 focile
752 2466 883 2518 laborare.
895 2452 943 2518 ubi
952 2483 976 2518 o.
986 2465 1091 2521 Monut.

182 2540 207 2587 et
222 2534 324 2586 Victor.
337 2536 370 2585 aei
381 2535 453 2600 Epo.
467 2533 500 2585 ad
510 2534 571 2584 niv.
583 2535 611 2585 ii.
626 2537 667 2583 16,
1062 2578 1065 2582 ,

173 2622 177 2627 ·
218 2602 369 2653 Facimus
387 2609 423 2653 est
441 2603 471 2654 in
491 2601 565 2651 bonis
587 2602 672 2659 rebus,
698 2601 765 2664 quod
784 2600 937 2665 proclivitas
956 2601 986 2652 in
1005 2604 1092 2657 malis.

181 2669 265 2722 Taso.
275 2671 312 2721 iv.
324 2672 364 2720 12.
383 2667 561 2735 *opponitur
573 2668 653 2719 etiam
671 2668 827 2720 morositati.
863 2669 915 2720 off.
929 2672 947 2721 i.
960 2672 1002 2720 25.
1030 2673 1093 2725 An.

182 2740 234 2859 gii.
241 2741 286 2859 30.
305 2738 364 2807 quis
372 2743 419 2791 ant
431 2750 601 2806 congressum
618 2753 717 2800 meum,
730 2745 777 2790 ant
788 2735 951 2804 sanititatem
963 2743 1093 2795 sermonis

202 2810 240 2859 esi
259 2807 357 2859 enavit.

219 2876 316 2936 Facio,
335 2890 394 2928 oreo
416 2875 610 2940 magistratum,
634 2879 690 2928 eto.
733 2874 825 2930 Plano.
843 2882 868 2929 4.
896 2875 1094 2946 poputussocn

183 2961 238 3006 aas.
251 2945 374 3014 aquibus
386 2950 429 2997 est
440 2947 556 2999 maxime
569 2947 696 2998 ambitus.
715 2946 769 2998 *in
781 2963 808 2998 re
821 2962 902 3007 soora,
913 2945 1096 3014 sacrosacrae.

183 3016 256 3070 Mur.
266 3019 307 3067 41.
320 3014 417 3066 Junoni
430 3030 521 3067 omnes
533 3014 661 3067 Consules
664 3014 758 3082 sotere
770 3032 878 3069 neeesse
886 3022 938 3068 est.
974 3018 1092 3072 *Manib

183 3088 227 3139 20.
246 3087 268 3138 si
281 3083 344 3155 quid
357 3081 502 3151 eofuotum
514 3093 584 3144 esset,
595 3100 645 3150 per
656 3102 764 3149 aaronem,
780 3101 839 3152 pro,
852 3087 877 3137 si
891 3093 1010 3139 mortuus
1021 3094 1093 3141 esset.

183 3155 200 3189 *
213 3155 383 3208 Verr.ii.16.
396 3153 459 3223 quid
472 3154 522 3206 hoo
532 3155 638 3207 bomine
641 3151 750 3218 sosias:
765 3158 782 3206 i.
796 3171 821 3207 e.
832 3156 956 3221 quomodo
969 3165 1092 3219 onerosos,

183 3225 311 3290 corrigar,
323 3239 415 3284 anuos,
428 3229 473 3274 eto.
510 3223 594 3275 Aeaei.
611 3224 647 3274 iv.
660 3225 704 3274 30.
723 3224 787 3291 qaid
796 3222 900 3291 faceret
913 3226 975 3277 huis·
987 3227 1094 3278 canola-

184 3294 261 3345 aioni.
275 3295 294 3345 i.
307 3310 333 3345 a.
345 3293 471 3358 quomodo
487 3292 623 3360 rqt'elteret.
648 3290 755 3356 *fingo
776 3294 840 3347 Nat.
854 3296 887 3347 D.
901 3296 918 3345 i.
932 3299 975 3346 30.
994 3296 1035 3346 bis
1047 3310 1095 3347 no·

185 3363 300 3413 minibus
308 3361 371 3413 dens
380 3359 570 3428 essesaoirnun
583 3361 679 3432 quibas
687 3377 704 3412 a
714 3365 791 3415 nobis
799 3366 976 3416 nominantur.
989 3363 1091 3416 *Vara

186 3430 227 3481 iii.
236 3431 278 3481 42.
291 3432 424 3483 tributum
438 3428 532 3497 faeere
545 3431 665 3500 coegisti,
679 3433 698 3482 i.
710 3447 736 3483 e.
749 3433 820 3483 dare.
838 3431 921 3498 *fieri
933 3432 1094 3497 sibijubere,

176 3494 334 3564 satiendam
356 3515 457 3551 rurore.
495 3499 572 3553 Vera.
586 3501 622 3552 iv.
642 3501 686 3552 25.
713 3515 774 3552 cnm
793 3501 879 3552 veliet
899 3501 949 3551 sibi
968 3502 1094 3555 annulum

111 3585 118 3593 ’
177 3563 279 3636 sotere,
301 3567 355 3619 nisi
376 3569 507 3632 iugandum
531 3575 567 3620 est
589 3569 657 3621 fieri.
683 3567 812 3629 *ornorn
826 3571 953 3637 effingere.
989 3574 1036 3622 vr.
1050 3574 1097 3624 ol.

186 3633 457 3704 untionisfaoientoo
468 3641 602 3704 wantos,
619 3641 640 3693 i.
652 3654 679 3692 a.
697 3639 845 3693 excolendae
865 3638 1035 3709 nfingenioo
1042 3653 1097 3709 aar
