<?xml version="1.0" encoding="UTF-8"?>
<!DOCTYPE html PUBLIC "-//W3C//DTD XHTML 1.0 Transitional//EN"
    "http://www.w3.org/TR/xhtml1/DTD/xhtml1-transitional.dtd">
<html xmlns="http://www.w3.org/1999/xhtml" xml:lang="en" lang="en">
 <head>
  <title>
</title>
<meta http-equiv="Content-Type" content="text/html;charset=utf-8" />
  <meta name='ocr-system' content='tesseract 3.04.00' />
  <meta name='ocr-capabilities' content='ocr_page ocr_carea ocr_par ocr_line ocrx_word'/>
</head>
<body>
  <div class='ocr_page' id='page_1' title='image "./joavgvstiernest00ernegoog_0227.png"; bbox 0 0 2567 4209; ppageno 0'>
   <div class='ocr_carea' id='block_1_1' title="bbox 534 287 1125 404">
    <p class='ocr_par' dir='ltr' id='par_1_1' title="bbox 534 287 1125 404">
     <span class='ocr_line' id='line_1_1' title="bbox 534 287 1125 404; baseline -0.002 -10"><span class='ocrx_word' id='word_1_1' title='bbox 534 287 788 394; x_wconf 66' lang='lat' dir='ltr'><strong><em>nnulnlre‘rls.</em></strong></span> <span class='ocrx_word' id='word_1_2' title='bbox 1059 346 1125 404; x_wconf 72' lang='lat'><strong><em>219</em></strong></span> 
     </span>
    </p>
   </div>
   <div class='ocr_carea' id='block_1_2' title="bbox 197 494 1128 3623">
    <p class='ocr_par' dir='ltr' id='par_1_2' title="bbox 197 494 1127 777">
     <span class='ocr_line' id='line_1_2' title="bbox 238 494 1125 564; baseline -0.002 -14"><span class='ocrx_word' id='word_1_3' title='bbox 238 496 390 559; x_wconf 64' lang='lat' dir='ltr'><strong><em>uxorum,</em></strong></span> <span class='ocrx_word' id='word_1_4' title='bbox 416 511 490 564; x_wconf 81' lang='lat' dir='ltr'><strong><em>saepe</em></strong></span> <span class='ocrx_word' id='word_1_5' title='bbox 502 496 604 549; x_wconf 73' lang='lat' dir='ltr'><strong><em>alcun</em></strong></span> <span class='ocrx_word' id='word_1_6' title='bbox 616 496 647 548; x_wconf 88' lang='grc'><strong><em>15</em></strong></span> <span class='ocrx_word' id='word_1_7' title='bbox 668 495 854 548; x_wconf 79' lang='lat' dir='ltr'><strong><em>controuersiis</em></strong></span> <span class='ocrx_word' id='word_1_8' title='bbox 871 494 1125 563; x_wconf 54' lang='grc' dir='ltr'><strong>5555155ιωὶ551.-</strong></span> 
     </span>
     <span class='ocr_line' id='line_1_3' title="bbox 202 566 1126 635; baseline -0.003 -14"><span class='ocrx_word' id='word_1_9' title='bbox 202 566 413 621; x_wconf 77' lang='grc'><strong>1155505159.</strong></span> <span class='ocrx_word' id='word_1_10' title='bbox 432 567 550 634; x_wconf 71' lang='lat' dir='ltr'><strong><em>experiri</em></strong></span> <span class='ocrx_word' id='word_1_11' title='bbox 564 566 678 635; x_wconf 80' lang='lat' dir='ltr'><strong><em>judicio.</em></strong></span> <span class='ocrx_word' id='word_1_12' title='bbox 717 566 814 622; x_wconf 71' lang='lat' dir='ltr'><strong><em>Quint.</em></strong></span> <span class='ocrx_word' id='word_1_13' title='bbox 825 569 866 618; x_wconf 92' lang='lat' dir='ltr'><strong><em>ll.</em></strong></span> <span class='ocrx_word' id='word_1_14' title='bbox 887 567 1005 631; x_wconf 72' lang='lat' dir='ltr'><strong><em>experiri</em></strong></span> <span class='ocrx_word' id='word_1_15' title='bbox 1022 582 1126 618; x_wconf 88' lang='lat' dir='ltr'><strong><em>summo</em></strong></span> 
     </span>
     <span class='ocr_line' id='line_1_4' title="bbox 197 636 1127 709; baseline -0.003 -19"><span class='ocrx_word' id='word_1_16' title='bbox 197 642 270 709; x_wconf 82' lang='lat' dir='ltr'><strong><em>jure.</em></strong></span> <span class='ocrx_word' id='word_1_17' title='bbox 284 638 349 689; x_wconf 82' lang='lat' dir='ltr'><strong><em>idid.</em></strong></span> <span class='ocrx_word' id='word_1_18' title='bbox 365 641 405 690; x_wconf 87' lang='grc'><strong><em>16.</em></strong></span> <span class='ocrx_word' id='word_1_19' title='bbox 423 637 579 704; x_wconf 71' lang='lat' dir='ltr'><strong><em>experiundi</em></strong></span> <span class='ocrx_word' id='word_1_20' title='bbox 598 640 723 703; x_wconf 86' lang='lat' dir='ltr'><strong><em>potestas</em></strong></span> <span class='ocrx_word' id='word_1_21' title='bbox 744 643 860 689; x_wconf 88' lang='lat' dir='ltr'><strong><em>nonest.</em></strong></span> <span class='ocrx_word' id='word_1_22' title='bbox 896 636 977 688; x_wconf 76' lang='lat' dir='ltr'><strong><em>Caes.</em></strong></span> <span class='ocrx_word' id='word_1_23' title='bbox 993 637 1033 688; x_wconf 82' lang='lat'><strong><em>12.</em></strong></span> <span class='ocrx_word' id='word_1_24' title='bbox 1053 652 1127 702; x_wconf 77' lang='lat' dir='ltr'><strong><em>eape-</em></strong></span> 
     </span>
     <span class='ocr_line' id='line_1_5' title="bbox 201 704 1055 777; baseline -0.004 -16"><span class='ocrx_word' id='word_1_25' title='bbox 201 707 295 761; x_wconf 82' lang='lat' dir='ltr'><strong><em>riundi</em></strong></span> <span class='ocrx_word' id='word_1_26' title='bbox 302 710 371 777; x_wconf 79' lang='lat' dir='ltr'><strong><em>juris</em></strong></span> <span class='ocrx_word' id='word_1_27' title='bbox 382 709 480 777; x_wconf 76' lang='lat' dir='ltr'><strong><em>gratia.</em></strong></span> <span class='ocrx_word' id='word_1_28' title='bbox 494 705 529 775; x_wconf 79' lang='lat' dir='ltr'><strong><em>af.</em></strong></span> <span class='ocrx_word' id='word_1_29' title='bbox 543 723 568 758; x_wconf 89' lang='lat' dir='ltr'><strong><em>o.</em></strong></span> <span class='ocrx_word' id='word_1_30' title='bbox 583 710 607 758; x_wconf 94' lang='grc'><strong><em>7.</em></strong></span> <span class='ocrx_word' id='word_1_31' title='bbox 626 704 704 757; x_wconf 84' lang='lat' dir='ltr'><strong><em>Coei.</em></strong></span> <span class='ocrx_word' id='word_1_32' title='bbox 717 708 743 757; x_wconf 92' lang='grc'><strong><em>8.</em></strong></span> <span class='ocrx_word' id='word_1_33' title='bbox 765 705 885 771; x_wconf 68' lang='lat' dir='ltr'><strong><em>experiri</em></strong></span> <span class='ocrx_word' id='word_1_34' title='bbox 896 705 930 757; x_wconf 88' lang='lat' dir='ltr'><strong><em>de</em></strong></span> <span class='ocrx_word' id='word_1_35' title='bbox 944 706 1055 774; x_wconf 88' lang='lat' dir='ltr'><strong><em>injuriis.</em></strong></span> 
     </span>
    </p>

    <p class='ocr_par' dir='ltr' id='par_1_3' title="bbox 200 773 1126 985">
     <span class='ocr_line' id='line_1_6' title="bbox 238 773 1126 843; baseline -0.002 -15"><span class='ocrx_word' id='word_1_36' title='bbox 238 776 404 837; x_wconf 78' lang='lat' dir='ltr'><strong><em>Exsuruau,</em></strong></span> <span class='ocrx_word' id='word_1_37' title='bbox 422 792 474 843; x_wconf 87' lang='lat' dir='ltr'><strong><em>pro</em></strong></span> <span class='ocrx_word' id='word_1_38' title='bbox 486 781 593 843; x_wconf 83' lang='lat' dir='ltr'><strong><em>petere,</em></strong></span> <span class='ocrx_word' id='word_1_39' title='bbox 605 776 635 827; x_wconf 86' lang='lat' dir='ltr'><strong><em>de</em></strong></span> <span class='ocrx_word' id='word_1_40' title='bbox 652 775 714 826; x_wconf 81' lang='lat' dir='ltr'><strong><em>nisu</em></strong></span> <span class='ocrx_word' id='word_1_41' title='bbox 726 775 846 827; x_wconf 77' lang='lat' dir='ltr'><strong><em>aduersnn</em></strong></span> <span class='ocrx_word' id='word_1_42' title='bbox 864 775 974 841; x_wconf 67' lang='lat' dir='ltr'><strong><em>aliquid.</em></strong></span> <span class='ocrx_word' id='word_1_43' title='bbox 1011 774 1078 826; x_wconf 90' lang='lat' dir='ltr'><strong><em>Nat.</em></strong></span> <span class='ocrx_word' id='word_1_44' title='bbox 1092 773 1126 826; x_wconf 90' lang='lat' dir='ltr'><strong><em>D.</em></strong></span> 
     </span>
     <span class='ocr_line' id='line_1_7' title="bbox 200 845 1126 910; baseline -0.004 -9"><span class='ocrx_word' id='word_1_45' title='bbox 200 847 288 901; x_wconf 82' lang='grc'><strong>1145.</strong></span> <span class='ocrx_word' id='word_1_46' title='bbox 308 847 429 900; x_wconf 83' lang='lat' dir='ltr'><strong><em>medium</em></strong></span> <span class='ocrx_word' id='word_1_47' title='bbox 443 848 533 899; x_wconf 83' lang='lat' dir='ltr'><strong><em>locum</em></strong></span> <span class='ocrx_word' id='word_1_48' title='bbox 545 851 637 898; x_wconf 86' lang='lat' dir='ltr'><strong><em>terrae</em></strong></span> <span class='ocrx_word' id='word_1_49' title='bbox 658 850 786 910; x_wconf 75' lang='lat' dir='ltr'><strong><em>expetens,</em></strong></span> <span class='ocrx_word' id='word_1_50' title='bbox 803 845 889 896; x_wconf 83' lang='lat' dir='ltr'><strong><em>nitens</em></strong></span> <span class='ocrx_word' id='word_1_51' title='bbox 901 860 989 898; x_wconf 73' lang='lat' dir='ltr'><strong><em>aaran</em></strong></span> <span class='ocrx_word' id='word_1_52' title='bbox 1000 845 1126 897; x_wconf 75' lang='lat' dir='ltr'><strong><em>nardium.</em></strong></span> 
     </span>
     <span class='ocr_line' id='line_1_8' title="bbox 204 915 998 985; baseline -0.005 -16"><span class='ocrx_word' id='word_1_53' title='bbox 204 916 297 985; x_wconf 82' lang='lat' dir='ltr'><strong><em>Dejot.</em></strong></span> <span class='ocrx_word' id='word_1_54' title='bbox 314 920 354 969; x_wconf 92' lang='lat' dir='ltr'><strong><em>ll.</em></strong></span> <span class='ocrx_word' id='word_1_55' title='bbox 373 918 461 970; x_wconf 80' lang='lat' dir='ltr'><strong><em>vitam</em></strong></span> <span class='ocrx_word' id='word_1_56' title='bbox 474 922 591 982; x_wconf 83' lang='lat' dir='ltr'><strong><em>eapetere</em></strong></span> <span class='ocrx_word' id='word_1_57' title='bbox 604 915 725 983; x_wconf 83' lang='lat' dir='ltr'><strong><em>alicujus,</em></strong></span> <span class='ocrx_word' id='word_1_58' title='bbox 739 916 758 966; x_wconf 85' lang='lat' dir='ltr'><strong><em>i.</em></strong></span> <span class='ocrx_word' id='word_1_59' title='bbox 773 930 799 966; x_wconf 91' lang='lat' dir='ltr'><strong><em>e.</em></strong></span> <span class='ocrx_word' id='word_1_60' title='bbox 812 915 913 980; x_wconf 86' lang='lat' dir='ltr'><strong><em>eripere</em></strong></span> <span class='ocrx_word' id='word_1_61' title='bbox 926 915 998 966; x_wconf 87' lang='lat' dir='ltr'><strong><em>uelle.</em></strong></span> 
     </span>
    </p>

    <p class='ocr_par' dir='ltr' id='par_1_4' title="bbox 201 984 1128 1400">
     <span class='ocr_line' id='line_1_9' title="bbox 238 984 1128 1050; baseline -0.001 -14"><span class='ocrx_word' id='word_1_62' title='bbox 238 985 378 1038; x_wconf 73' lang='lat' dir='ltr'><strong><em>Enniana.</em></strong></span> <span class='ocrx_word' id='word_1_63' title='bbox 415 985 471 1037; x_wconf 87' lang='lat' dir='ltr'><strong><em>Pis.</em></strong></span> <span class='ocrx_word' id='word_1_64' title='bbox 484 989 528 1038; x_wconf 77' lang='grc'><strong><em>35.</em></strong></span> <span class='ocrx_word' id='word_1_65' title='bbox 542 989 590 1037; x_wconf 84' lang='grc'><strong><em>155</em></strong></span> <span class='ocrx_word' id='word_1_66' title='bbox 602 986 707 1036; x_wconf 87' lang='lat' dir='ltr'><strong><em>seelera</em></strong></span> <span class='ocrx_word' id='word_1_67' title='bbox 715 984 754 1037; x_wconf 89' lang='lat' dir='ltr'><strong><em>dli</em></strong></span> <span class='ocrx_word' id='word_1_68' title='bbox 767 984 797 1035; x_wconf 87' lang='lat' dir='ltr'><strong><em>in</em></strong></span> <span class='ocrx_word' id='word_1_69' title='bbox 807 989 911 1037; x_wconf 87' lang='lat' dir='ltr'><strong><em>nostros</em></strong></span> <span class='ocrx_word' id='word_1_70' title='bbox 923 984 1025 1036; x_wconf 85' lang='lat' dir='ltr'><strong>milites</strong></span> <span class='ocrx_word' id='word_1_71' title='bbox 1038 984 1128 1050; x_wconf 79' lang='lat' dir='ltr'><strong><em>expia·</em></strong></span> 
     </span>
     <span class='ocr_line' id='line_1_10' title="bbox 203 1052 1128 1122; baseline -0.003 -15"><span class='ocrx_word' id='word_1_72' title='bbox 203 1061 277 1106; x_wconf 79' lang='grc'><strong>5551.</strong></span> <span class='ocrx_word' id='word_1_73' title='bbox 313 1054 329 1088; x_wconf 91' lang='grc'>*</span> <span class='ocrx_word' id='word_1_74' title='bbox 341 1054 423 1108; x_wconf 89' lang='lat' dir='ltr'><strong><em>Prov.</em></strong></span> <span class='ocrx_word' id='word_1_75' title='bbox 435 1054 514 1109; x_wconf 87' lang='lat' dir='ltr'><strong><em>Cous.</em></strong></span> <span class='ocrx_word' id='word_1_76' title='bbox 529 1059 554 1109; x_wconf 93' lang='lat'><strong><em>1.</em></strong></span> <span class='ocrx_word' id='word_1_77' title='bbox 581 1054 688 1120; x_wconf 74' lang='lat' dir='ltr'><strong><em>expiare</em></strong></span> <span class='ocrx_word' id='word_1_78' title='bbox 702 1069 763 1105; x_wconf 84' lang='lat' dir='ltr'><strong><em>suas</em></strong></span> <span class='ocrx_word' id='word_1_79' title='bbox 774 1054 949 1120; x_wconf 81' lang='lat' dir='ltr'><strong><em>cupiditates.</em></strong></span> <span class='ocrx_word' id='word_1_80' title='bbox 960 1069 1011 1120; x_wconf 84' lang='lat' dir='ltr'><strong><em>pra</em></strong></span> <span class='ocrx_word' id='word_1_81' title='bbox 1022 1052 1128 1122; x_wconf 62' lang='grc'><strong>5111515-</strong></span> 
     </span>
     <span class='ocr_line' id='line_1_11' title="bbox 204 1122 1128 1191; baseline -0.001 -16"><span class='ocrx_word' id='word_1_82' title='bbox 204 1140 261 1176; x_wconf 84' lang='lat' dir='ltr'><strong><em>eere</em></strong></span> <span class='ocrx_word' id='word_1_83' title='bbox 274 1124 460 1191; x_wconf 64' lang='lat' dir='ltr'><strong><em>cupiditatibus</em></strong></span> <span class='ocrx_word' id='word_1_84' title='bbox 471 1126 536 1177; x_wconf 80' lang='lat' dir='ltr'><strong><em>suia.</em></strong></span> <span class='ocrx_word' id='word_1_85' title='bbox 557 1123 572 1157; x_wconf 91' lang='lat'><strong>*</strong></span> <span class='ocrx_word' id='word_1_86' title='bbox 586 1124 700 1190; x_wconf 80' lang='lat' dir='ltr'><strong><em>expiare</em></strong></span> <span class='ocrx_word' id='word_1_87' title='bbox 712 1122 811 1175; x_wconf 84' lang='lat' dir='ltr'><strong><em>dicitur</em></strong></span> <span class='ocrx_word' id='word_1_88' title='bbox 822 1124 852 1175; x_wconf 86' lang='lat' dir='ltr'><strong><em>de</em></strong></span> <span class='ocrx_word' id='word_1_89' title='bbox 869 1123 1076 1189; x_wconf 63' lang='lat' dir='ltr'><strong><em>pontentiacum</em></strong></span> <span class='ocrx_word' id='word_1_90' title='bbox 1087 1139 1128 1174; x_wconf 77' lang='lat' dir='ltr'><strong><em>aa·</em></strong></span> 
     </span>
     <span class='ocr_line' id='line_1_12' title="bbox 204 1190 1125 1261; baseline -0.001 -16"><span class='ocrx_word' id='word_1_91' title='bbox 204 1193 315 1261; x_wconf 67' lang='grc'><strong>55515115</strong></span> <span class='ocrx_word' id='word_1_92' title='bbox 326 1201 373 1246; x_wconf 88' lang='grc'><strong><em>551</em></strong></span> <span class='ocrx_word' id='word_1_93' title='bbox 384 1195 440 1247; x_wconf 86' lang='grc'><strong>5115</strong></span> <span class='ocrx_word' id='word_1_94' title='bbox 459 1196 563 1247; x_wconf 82' lang='lat' dir='ltr'><strong><em>ratimte</em></strong></span> <span class='ocrx_word' id='word_1_95' title='bbox 584 1199 704 1246; x_wconf 76' lang='grc'><strong>55551555</strong></span> <span class='ocrx_word' id='word_1_96' title='bbox 716 1199 831 1244; x_wconf 84' lang='lat' dir='ltr'><strong><em>auertere</em></strong></span> <span class='ocrx_word' id='word_1_97' title='bbox 844 1193 983 1245; x_wconf 77' lang='lat' dir='ltr'><strong><em>strademue.</em></strong></span> <span class='ocrx_word' id='word_1_98' title='bbox 1020 1190 1125 1245; x_wconf 75' lang='grc'><strong>111511.</strong></span> 
     </span>
     <span class='ocr_line' id='line_1_13' title="bbox 201 1261 1124 1334; baseline -0.002 -18"><span class='ocrx_word' id='word_1_99' title='bbox 201 1265 244 1316; x_wconf 85' lang='grc'><strong><em>83.</em></strong></span> <span class='ocrx_word' id='word_1_100' title='bbox 263 1279 332 1333; x_wconf 85' lang='lat' dir='ltr'><strong><em>quae</em></strong></span> <span class='ocrx_word' id='word_1_101' title='bbox 344 1263 382 1317; x_wconf 88' lang='lat' dir='ltr'><strong><em>dii</em></strong></span> <span class='ocrx_word' id='word_1_102' title='bbox 395 1263 555 1334; x_wconf 78' lang='lat' dir='ltr'><strong><em>significent,</em></strong></span> <span class='ocrx_word' id='word_1_103' title='bbox 565 1261 792 1332; x_wconf 81' lang='lat' dir='ltr'><strong><em>quemadmodum</em></strong></span> <span class='ocrx_word' id='word_1_104' title='bbox 804 1278 838 1314; x_wconf 86' lang='lat' dir='ltr'><strong><em>ea</em></strong></span> <span class='ocrx_word' id='word_1_105' title='bbox 850 1266 1029 1331; x_wconf 79' lang='lat' dir='ltr'><strong><em>procurentur</em></strong></span> <span class='ocrx_word' id='word_1_106' title='bbox 1041 1269 1124 1330; x_wconf 87' lang='lat' dir='ltr'><strong><em>atque</em></strong></span> 
     </span>
     <span class='ocr_line' id='line_1_14' title="bbox 202 1331 1122 1400; baseline -0.004 -14"><span class='ocrx_word' id='word_1_107' title='bbox 202 1333 350 1400; x_wconf 76' lang='lat' dir='ltr'><strong><em>eapr&#39;eretur.</em></strong></span> <span class='ocrx_word' id='word_1_108' title='bbox 369 1332 426 1386; x_wconf 83' lang='lat' dir='ltr'><strong><em>*de</em></strong></span> <span class='ocrx_word' id='word_1_109' title='bbox 438 1335 599 1386; x_wconf 78' lang='lat' dir='ltr'><strong><em>nominibus.</em></strong></span> <span class='ocrx_word' id='word_1_110' title='bbox 618 1331 674 1384; x_wconf 89' lang='lat' dir='ltr'><strong><em>Pis.</em></strong></span> <span class='ocrx_word' id='word_1_111' title='bbox 684 1335 708 1382; x_wconf 94' lang='grc'><strong><em>7.</em></strong></span> <span class='ocrx_word' id='word_1_112' title='bbox 722 1347 814 1384; x_wconf 88' lang='lat' dir='ltr'><strong><em>manes</em></strong></span> <span class='ocrx_word' id='word_1_113' title='bbox 823 1339 992 1385; x_wconf 88' lang='lat' dir='ltr'><strong><em>mortuorum</em></strong></span> <span class='ocrx_word' id='word_1_114' title='bbox 1005 1331 1122 1398; x_wconf 72' lang='lat' dir='ltr'><strong><em>expiare.</em></strong></span> 
     </span>
    </p>

    <p class='ocr_par' dir='ltr' id='par_1_5' title="bbox 204 1400 1125 1540">
     <span class='ocr_line' id='line_1_15' title="bbox 239 1400 1125 1470; baseline 0.002 -18"><span class='ocrx_word' id='word_1_115' title='bbox 239 1402 415 1456; x_wconf 82' lang='lat' dir='ltr'><strong><em>Exrrnonau.</em></strong></span> <span class='ocrx_word' id='word_1_116' title='bbox 439 1404 546 1469; x_wconf 82' lang='lat' dir='ltr'><strong><em>pictura</em></strong></span> <span class='ocrx_word' id='word_1_117' title='bbox 568 1402 725 1468; x_wconf 71' lang='lat' dir='ltr'><strong><em>exprimere.</em></strong></span> <span class='ocrx_word' id='word_1_118' title='bbox 762 1400 845 1453; x_wconf 84' lang='lat' dir='ltr'><strong><em>Taso.</em></strong></span> <span class='ocrx_word' id='word_1_119' title='bbox 858 1418 885 1453; x_wconf 88' lang='lat' dir='ltr'><strong><em>r.</em></strong></span> <span class='ocrx_word' id='word_1_120' title='bbox 898 1404 941 1453; x_wconf 88' lang='grc'><strong><em>39.</em></strong></span> <span class='ocrx_word' id='word_1_121' title='bbox 968 1403 1014 1470; x_wconf 90' lang='lat' dir='ltr'><strong><em>qui</em></strong></span> <span class='ocrx_word' id='word_1_122' title='bbox 1034 1406 1125 1454; x_wconf 86' lang='lat' dir='ltr'><strong><em>motus</em></strong></span> 
     </span>
     <span class='ocr_line' id='line_1_16' title="bbox 204 1467 1101 1540; baseline -0.003 -15"><span class='ocrx_word' id='word_1_123' title='bbox 204 1471 354 1530; x_wconf 81' lang='lat' dir='ltr'><strong><em>hominum.</em></strong></span> <span class='ocrx_word' id='word_1_124' title='bbox 364 1473 410 1540; x_wconf 90' lang='lat' dir='ltr'><strong><em>qui</em></strong></span> <span class='ocrx_word' id='word_1_125' title='bbox 423 1472 551 1532; x_wconf 70' lang='lat' dir='ltr'><strong><em>ferarum.</em></strong></span> <span class='ocrx_word' id='word_1_126' title='bbox 563 1488 615 1525; x_wconf 90' lang='lat' dir='ltr'><strong><em>non</em></strong></span> <span class='ocrx_word' id='word_1_127' title='bbox 628 1472 669 1523; x_wconf 87' lang='lat' dir='ltr'><strong><em>ita</em></strong></span> <span class='ocrx_word' id='word_1_128' title='bbox 680 1472 716 1523; x_wconf 89' lang='lat' dir='ltr'><strong><em>ab</em></strong></span> <span class='ocrx_word' id='word_1_129' title='bbox 729 1467 851 1523; x_wconf 83' lang='lat' dir='ltr'><strong><em>Homero</em></strong></span> <span class='ocrx_word' id='word_1_130' title='bbox 863 1472 979 1537; x_wconf 81' lang='lat' dir='ltr'><strong><em>eapietus</em></strong></span> <span class='ocrx_word' id='word_1_131' title='bbox 991 1477 1035 1530; x_wconf 81' lang='lat' dir='ltr'><strong><em>est,</em></strong></span> <span class='ocrx_word' id='word_1_132' title='bbox 1045 1476 1101 1522; x_wconf 87' lang='lat' dir='ltr'><strong><em>etc.</em></strong></span> 
     </span>
    </p>

    <p class='ocr_par' dir='ltr' id='par_1_6' title="bbox 203 1538 1126 1884">
     <span class='ocr_line' id='line_1_17' title="bbox 240 1538 1125 1607; baseline 0.002 -17"><span class='ocrx_word' id='word_1_133' title='bbox 240 1539 435 1601; x_wconf 63' lang='lat' dir='ltr'><strong><em>Eirenaion,</em></strong></span> <span class='ocrx_word' id='word_1_134' title='bbox 454 1541 644 1607; x_wconf 74' lang='lat' dir='ltr'><strong><em>interpretatio.</em></strong></span> <span class='ocrx_word' id='word_1_135' title='bbox 681 1538 793 1592; x_wconf 70' lang='grc'><strong>115511.</strong></span> <span class='ocrx_word' id='word_1_136' title='bbox 803 1544 829 1591; x_wconf 94' lang='grc'><strong><em>9.</em></strong></span> <span class='ocrx_word' id='word_1_137' title='bbox 848 1542 1053 1607; x_wconf 80' lang='lat' dir='ltr'><strong><em>explanationes</em></strong></span> <span class='ocrx_word' id='word_1_138' title='bbox 1064 1556 1125 1606; x_wconf 84' lang='lat' dir='ltr'><strong><em>por-</em></strong></span> 
     </span>
     <span class='ocr_line' id='line_1_18' title="bbox 204 1608 1126 1677; baseline -0.003 -14"><span class='ocrx_word' id='word_1_139' title='bbox 204 1612 353 1663; x_wconf 82' lang='lat' dir='ltr'><strong><em>tentorum.</em></strong></span> <span class='ocrx_word' id='word_1_140' title='bbox 377 1610 440 1661; x_wconf 83' lang='lat' dir='ltr'><strong><em>ibid.</em></strong></span> <span class='ocrx_word' id='word_1_141' title='bbox 455 1614 479 1662; x_wconf 95' lang='grc'><strong><em>7.</em></strong></span> <span class='ocrx_word' id='word_1_142' title='bbox 493 1610 630 1677; x_wconf 79' lang='lat' dir='ltr'><strong><em>religionis</em></strong></span> <span class='ocrx_word' id='word_1_143' title='bbox 656 1608 813 1676; x_wconf 67' lang='lat' dir='ltr'><strong><em>exploratio,</em></strong></span> <span class='ocrx_word' id='word_1_144' title='bbox 837 1624 888 1675; x_wconf 86' lang='lat' dir='ltr'><strong><em>pro</em></strong></span> <span class='ocrx_word' id='word_1_145' title='bbox 912 1610 1043 1676; x_wconf 81' lang='lat' dir='ltr'><strong><em>expiatio,</em></strong></span> <span class='ocrx_word' id='word_1_146' title='bbox 1058 1608 1126 1673; x_wconf 84' lang='lat' dir='ltr'><strong><em>quod</em></strong></span> 
     </span>
     <span class='ocr_line' id='line_1_19' title="bbox 205 1677 1126 1746; baseline -0.002 -16"><span class='ocrx_word' id='word_1_147' title='bbox 205 1677 335 1730; x_wconf 75' lang='lat' dir='ltr'><strong><em>Graeuim</em></strong></span> <span class='ocrx_word' id='word_1_148' title='bbox 344 1679 448 1743; x_wconf 83' lang='lat' dir='ltr'><strong><em>probat,</em></strong></span> <span class='ocrx_word' id='word_1_149' title='bbox 458 1694 510 1745; x_wconf 90' lang='lat' dir='ltr'><strong><em>pra</em></strong></span> <span class='ocrx_word' id='word_1_150' title='bbox 522 1679 679 1746; x_wconf 75' lang='lat' dir='ltr'><strong><em>explanatio</em></strong></span> <span class='ocrx_word' id='word_1_151' title='bbox 693 1698 699 1729; x_wconf 76' lang='lat' dir='ltr'>z</span> <span class='ocrx_word' id='word_1_152' title='bbox 720 1678 763 1729; x_wconf 80' lang='lat' dir='ltr'><strong><em>sed</em></strong></span> <span class='ocrx_word' id='word_1_153' title='bbox 778 1678 873 1744; x_wconf 80' lang='lat' dir='ltr'><strong><em>idjam</em></strong></span> <span class='ocrx_word' id='word_1_154' title='bbox 885 1679 915 1730; x_wconf 89' lang='lat' dir='ltr'><strong><em>in</em></strong></span> <span class='ocrx_word' id='word_1_155' title='bbox 926 1685 1040 1730; x_wconf 83' lang='lat' dir='ltr'><strong><em>mentem</em></strong></span> <span class='ocrx_word' id='word_1_156' title='bbox 1052 1693 1126 1729; x_wconf 85' lang='lat' dir='ltr'><strong><em>uene-</em></strong></span> 
     </span>
     <span class='ocr_line' id='line_1_20' title="bbox 203 1745 1124 1815; baseline 0 -15"><span class='ocrx_word' id='word_1_157' title='bbox 203 1753 248 1800; x_wconf 85' lang='lat' dir='ltr'><strong><em>rat</em></strong></span> <span class='ocrx_word' id='word_1_158' title='bbox 259 1745 354 1811; x_wconf 74' lang='lat' dir='ltr'><strong><em>Sigon.</em></strong></span> <span class='ocrx_word' id='word_1_159' title='bbox 366 1748 401 1799; x_wconf 93' lang='lat' dir='ltr'><strong><em>ud</em></strong></span> <span class='ocrx_word' id='word_1_160' title='bbox 418 1746 481 1800; x_wconf 78' lang='grc'><strong>155.</strong></span> <span class='ocrx_word' id='word_1_161' title='bbox 493 1764 555 1800; x_wconf 79' lang='lat' dir='ltr'><strong><em>aaa.</em></strong></span> <span class='ocrx_word' id='word_1_162' title='bbox 570 1751 611 1801; x_wconf 89' lang='grc'><strong><em>12.</em></strong></span> <span class='ocrx_word' id='word_1_163' title='bbox 625 1750 695 1799; x_wconf 78' lang='lat' dir='ltr'><strong><em>turre</em></strong></span> <span class='ocrx_word' id='word_1_164' title='bbox 714 1754 780 1799; x_wconf 81' lang='lat' dir='ltr'><strong><em>certe</em></strong></span> <span class='ocrx_word' id='word_1_165' title='bbox 801 1763 906 1800; x_wconf 79' lang='lat' dir='ltr'><strong><em>sensum</em></strong></span> <span class='ocrx_word' id='word_1_166' title='bbox 917 1748 956 1799; x_wconf 84' lang='lat' dir='ltr'><strong><em>ibi</em></strong></span> <span class='ocrx_word' id='word_1_167' title='bbox 967 1747 1124 1815; x_wconf 81' lang='lat' dir='ltr'><strong><em>explanatio</em></strong></span> 
     </span>
     <span class='ocr_line' id='line_1_21' title="bbox 204 1816 1002 1884; baseline -0.006 -13"><span class='ocrx_word' id='word_1_168' title='bbox 204 1818 291 1877; x_wconf 76' lang='lat' dir='ltr'><strong><em>natet,</em></strong></span> <span class='ocrx_word' id='word_1_169' title='bbox 303 1817 327 1869; x_wconf 80' lang='lat' dir='ltr'><strong><em>ei</em></strong></span> <span class='ocrx_word' id='word_1_170' title='bbox 339 1824 375 1868; x_wconf 79' lang='lat' dir='ltr'><strong><em>eet</em></strong></span> <span class='ocrx_word' id='word_1_171' title='bbox 387 1831 404 1867; x_wconf 91' lang='lat' dir='ltr'><strong><em>a</em></strong></span> <span class='ocrx_word' id='word_1_172' title='bbox 415 1816 559 1870; x_wconf 77' lang='lat' dir='ltr'><strong><em>Ciceroree:</em></strong></span> <span class='ocrx_word' id='word_1_173' title='bbox 578 1818 646 1884; x_wconf 86' lang='lat' dir='ltr'><strong><em>quod</em></strong></span> <span class='ocrx_word' id='word_1_174' title='bbox 656 1817 718 1868; x_wconf 80' lang='lat' dir='ltr'><strong><em>truie</em></strong></span> <span class='ocrx_word' id='word_1_175' title='bbox 730 1817 807 1868; x_wconf 82' lang='lat' dir='ltr'><strong><em>uerbo</em></strong></span> <span class='ocrx_word' id='word_1_176' title='bbox 819 1817 864 1868; x_wconf 85' lang='lat' dir='ltr'><strong><em>uia</em></strong></span> <span class='ocrx_word' id='word_1_177' title='bbox 876 1818 1002 1869; x_wconf 80' lang='grc'><strong>55555511.</strong></span> 
     </span>
    </p>

    <p class='ocr_par' dir='ltr' id='par_1_7' title="bbox 204 1885 1126 2165">
     <span class='ocr_line' id='line_1_22' title="bbox 241 1885 1123 1954; baseline 0 -17"><span class='ocrx_word' id='word_1_178' title='bbox 241 1885 439 1939; x_wconf 78' lang='lat' dir='ltr'><strong><em>Exrneuerus.</em></strong></span> <span class='ocrx_word' id='word_1_179' title='bbox 475 1886 561 1940; x_wconf 82' lang='lat' dir='ltr'><strong><em>Auad.</em></strong></span> <span class='ocrx_word' id='word_1_180' title='bbox 574 1889 592 1940; x_wconf 94' lang='grc'><strong><em>1.</em></strong></span> <span class='ocrx_word' id='word_1_181' title='bbox 606 1889 631 1937; x_wconf 89' lang='grc'><strong><em>5.</em></strong></span> <span class='ocrx_word' id='word_1_182' title='bbox 660 1887 800 1951; x_wconf 69' lang='lat' dir='ltr'><strong><em>explanata</em></strong></span> <span class='ocrx_word' id='word_1_183' title='bbox 812 1902 908 1938; x_wconf 84' lang='lat' dir='ltr'><strong><em>vocum</em></strong></span> <span class='ocrx_word' id='word_1_184' title='bbox 926 1886 1074 1954; x_wconf 82' lang='lat' dir='ltr'><strong><em>expressio.</em></strong></span> <span class='ocrx_word' id='word_1_185' title='bbox 1093 1885 1123 1937; x_wconf 85' lang='lat' dir='ltr'><strong><em>de</em></strong></span> 
     </span>
     <span class='ocr_line' id='line_1_23' title="bbox 205 1952 1126 2024; baseline 0 -17"><span class='ocrx_word' id='word_1_186' title='bbox 205 1956 427 2022; x_wconf 81' lang='lat' dir='ltr'><strong><em>pronunciatione</em></strong></span> <span class='ocrx_word' id='word_1_187' title='bbox 439 1957 512 2009; x_wconf 82' lang='lat' dir='ltr'><strong><em>uerbi</em></strong></span> <span class='ocrx_word' id='word_1_188' title='bbox 524 1955 630 2015; x_wconf 79' lang='lat' dir='ltr'><strong><em>dieitur,</em></strong></span> <span class='ocrx_word' id='word_1_189' title='bbox 645 1970 705 2006; x_wconf 86' lang='lat' dir='ltr'><strong><em>eum</em></strong></span> <span class='ocrx_word' id='word_1_190' title='bbox 717 1954 844 2021; x_wconf 76' lang='lat' dir='ltr'><strong><em>ejusmodi</em></strong></span> <span class='ocrx_word' id='word_1_191' title='bbox 857 1952 900 2015; x_wconf 77' lang='lat' dir='ltr'><strong><em>est,</em></strong></span> <span class='ocrx_word' id='word_1_192' title='bbox 912 1963 941 2007; x_wconf 86' lang='lat' dir='ltr'><strong><em>nt</em></strong></span> <span class='ocrx_word' id='word_1_193' title='bbox 953 1956 1126 2024; x_wconf 76' lang='grc'><strong>5555555115-</strong></span> 
     </span>
     <span class='ocr_line' id='line_1_24' title="bbox 205 2023 1126 2094; baseline 0.002 -17"><span class='ocrx_word' id='word_1_194' title='bbox 205 2026 252 2077; x_wconf 82' lang='lat' dir='ltr'><strong><em>iae</em></strong></span> <span class='ocrx_word' id='word_1_195' title='bbox 265 2030 288 2076; x_wconf 89' lang='lat' dir='ltr'><strong><em>et</em></strong></span> <span class='ocrx_word' id='word_1_196' title='bbox 300 2025 390 2078; x_wconf 85' lang='lat' dir='ltr'><strong><em>literae</em></strong></span> <span class='ocrx_word' id='word_1_197' title='bbox 401 2023 488 2092; x_wconf 77' lang='lat' dir='ltr'><strong><em>facile</em></strong></span> <span class='ocrx_word' id='word_1_198' title='bbox 512 2025 708 2090; x_wconf 83' lang='lat' dir='ltr'><strong><em>intelligantur.</em></strong></span> <span class='ocrx_word' id='word_1_199' title='bbox 756 2023 801 2076; x_wconf 83' lang='lat' dir='ltr'><strong><em>Sic</em></strong></span> <span class='ocrx_word' id='word_1_200' title='bbox 813 2025 890 2078; x_wconf 84' lang='lat' dir='ltr'><strong><em>Ptin.</em></strong></span> <span class='ocrx_word' id='word_1_201' title='bbox 903 2024 976 2078; x_wconf 90' lang='lat' dir='ltr'><strong><em>Pan.</em></strong></span> <span class='ocrx_word' id='word_1_202' title='bbox 990 2031 1031 2079; x_wconf 82' lang='grc'><strong><em>74.</em></strong></span> <span class='ocrx_word' id='word_1_203' title='bbox 1044 2025 1073 2077; x_wconf 89' lang='lat' dir='ltr'><strong><em>de</em></strong></span> <span class='ocrx_word' id='word_1_204' title='bbox 1079 2024 1126 2094; x_wconf 75' lang='lat' dir='ltr'><strong><em>ju-</em></strong></span> 
     </span>
     <span class='ocr_line' id='line_1_25' title="bbox 204 2095 769 2165; baseline -0.002 -18"><span class='ocrx_word' id='word_1_205' title='bbox 204 2100 299 2149; x_wconf 83' lang='lat' dir='ltr'><strong><em>rante:</em></strong></span> <span class='ocrx_word' id='word_1_206' title='bbox 317 2097 454 2163; x_wconf 81' lang='lat' dir='ltr'><strong><em>expressit</em></strong></span> <span class='ocrx_word' id='word_1_207' title='bbox 465 2095 664 2165; x_wconf 72' lang='lat' dir='ltr'><strong><em>explanarique</em></strong></span> <span class='ocrx_word' id='word_1_208' title='bbox 677 2096 769 2147; x_wconf 82' lang='lat' dir='ltr'><strong><em>rerba.</em></strong></span> 
     </span>
    </p>

    <p class='ocr_par' dir='ltr' id='par_1_8' title="bbox 204 2163 1123 2510">
     <span class='ocr_line' id='line_1_26' title="bbox 238 2163 1120 2236; baseline 0.006 -21"><span class='ocrx_word' id='word_1_209' title='bbox 238 2163 383 2218; x_wconf 70' lang='grc'><strong>11155555.</strong></span> <span class='ocrx_word' id='word_1_210' title='bbox 402 2167 507 2218; x_wconf 82' lang='lat' dir='ltr'><strong><em>satiare.</em></strong></span> <span class='ocrx_word' id='word_1_211' title='bbox 527 2165 594 2218; x_wconf 85' lang='lat' dir='ltr'><strong><em>Sull.</em></strong></span> <span class='ocrx_word' id='word_1_212' title='bbox 605 2169 649 2218; x_wconf 91' lang='grc'><strong><em>32.</em></strong></span> <span class='ocrx_word' id='word_1_213' title='bbox 661 2166 791 2231; x_wconf 73' lang='lat' dir='ltr'><strong><em>expletum</em></strong></span> <span class='ocrx_word' id='word_1_214' title='bbox 800 2181 859 2217; x_wconf 88' lang='lat' dir='ltr'><strong><em>esse</em></strong></span> <span class='ocrx_word' id='word_1_215' title='bbox 872 2166 987 2219; x_wconf 87' lang='lat' dir='ltr'><strong><em>miseriis</em></strong></span> <span class='ocrx_word' id='word_1_216' title='bbox 999 2168 1120 2236; x_wconf 79' lang='lat' dir='ltr'><strong><em>alicujus.</em></strong></span> 
     </span>
     <span class='ocr_line' id='line_1_27' title="bbox 205 2233 1122 2318; baseline 0.001 -31"><span class='ocrx_word' id='word_1_217' title='bbox 205 2233 220 2268; x_wconf 85' lang='grc'>*</span> <span class='ocrx_word' id='word_1_218' title='bbox 232 2234 281 2288; x_wconf 88' lang='lat' dir='ltr'><strong><em>Or.</em></strong></span> <span class='ocrx_word' id='word_1_219' title='bbox 297 2239 340 2318; x_wconf 60' lang='grc' dir='ltr'><strong><em>13.ο</em></strong></span> <span class='ocrx_word' id='word_1_220' title='bbox 351 2238 395 2288; x_wconf 91' lang='grc'><strong><em>50.</em></strong></span> <span class='ocrx_word' id='word_1_221' title='bbox 414 2238 564 2290; x_wconf 84' lang='lat' dir='ltr'><strong><em>sententias</em></strong></span> <span class='ocrx_word' id='word_1_222' title='bbox 576 2236 687 2303; x_wconf 77' lang='lat' dir='ltr'><strong><em>rapiere,</em></strong></span> <span class='ocrx_word' id='word_1_223' title='bbox 701 2241 746 2296; x_wconf 80' lang='lat' dir='ltr'><strong><em>est,</em></strong></span> <span class='ocrx_word' id='word_1_224' title='bbox 760 2234 848 2302; x_wconf 67' lang='lat' dir='ltr'><strong><em>justae</em></strong></span> <span class='ocrx_word' id='word_1_225' title='bbox 861 2252 998 2290; x_wconf 74' lang='lat' dir='ltr'><strong><em>numanae</em></strong></span> <span class='ocrx_word' id='word_1_226' title='bbox 1012 2236 1122 2304; x_wconf 80' lang='lat' dir='ltr'><strong><em>periodo</em></strong></span> 
     </span>
     <span class='ocr_line' id='line_1_28' title="bbox 204 2305 1123 2452; baseline 0.003 -27"><span class='ocrx_word' id='word_1_227' title='bbox 204 2305 396 2436; x_wconf 35' lang='lat' dir='ltr'><strong><em>wilffinus,</em></strong></span> <span class='ocrx_word' id='word_1_228' title='bbox 413 2373 553 2443; x_wconf 70' lang='lat' dir='ltr'><strong><em>perfectus.</em></strong></span> <span class='ocrx_word' id='word_1_229' title='bbox 573 2374 633 2427; x_wconf 86' lang='lat' dir='ltr'><strong><em>Fin.</em></strong></span> <span class='ocrx_word' id='word_1_230' title='bbox 648 2375 677 2426; x_wconf 92' lang='lat' dir='ltr'><strong><em>li.</em></strong></span> <span class='ocrx_word' id='word_1_231' title='bbox 688 2377 730 2425; x_wconf 90' lang='grc'><strong><em>15.</em></strong></span> <span class='ocrx_word' id='word_1_232' title='bbox 749 2374 850 2452; x_wconf 78' lang='lat' dir='ltr'><strong><em>eapieta</em></strong></span> <span class='ocrx_word' id='word_1_233' title='bbox 862 2374 947 2431; x_wconf 77' lang='lat' dir='ltr'><strong><em>torma</em></strong></span> <span class='ocrx_word' id='word_1_234' title='bbox 958 2377 1123 2431; x_wconf 86' lang='lat' dir='ltr'><strong><em>honestatis.</em></strong></span> 
     </span>
     <span class='ocr_line' id='line_1_29' title="bbox 204 2443 851 2510; baseline -0.005 -13"><span class='ocrx_word' id='word_1_235' title='bbox 204 2443 268 2497; x_wconf 79' lang='lat' dir='ltr'><strong><em>ibid.</em></strong></span> <span class='ocrx_word' id='word_1_236' title='bbox 282 2446 355 2496; x_wconf 78' lang='grc'><strong>1119.</strong></span> <span class='ocrx_word' id='word_1_237' title='bbox 375 2447 505 2510; x_wconf 72' lang='lat' dir='ltr'><strong><em>repletum</em></strong></span> <span class='ocrx_word' id='word_1_238' title='bbox 518 2445 641 2497; x_wconf 90' lang='lat' dir='ltr'><strong><em>omnibns</em></strong></span> <span class='ocrx_word' id='word_1_239' title='bbox 653 2445 708 2495; x_wconf 83' lang='lat' dir='ltr'><strong><em>suis</em></strong></span> <span class='ocrx_word' id='word_1_240' title='bbox 720 2444 851 2509; x_wconf 83' lang='lat' dir='ltr'><strong><em>partibus.</em></strong></span> 
     </span>
    </p>

    <p class='ocr_par' dir='ltr' id='par_1_9' title="bbox 201 2511 1127 3623">
     <span class='ocr_line' id='line_1_30' title="bbox 238 2511 1120 2579; baseline 0.003 -16"><span class='ocrx_word' id='word_1_241' title='bbox 238 2513 411 2579; x_wconf 65' lang='lat' dir='ltr'><strong><em>Exsuscitate,</em></strong></span> <span class='ocrx_word' id='word_1_242' title='bbox 439 2514 573 2579; x_wconf 81' lang='lat' dir='ltr'><strong><em>conficere.</em></strong></span> <span class='ocrx_word' id='word_1_243' title='bbox 600 2511 735 2562; x_wconf 71' lang='lat' dir='ltr'><strong><em>Attxiii.</em></strong></span> <span class='ocrx_word' id='word_1_244' title='bbox 755 2513 799 2561; x_wconf 88' lang='grc'><strong><em>23.</em></strong></span> <span class='ocrx_word' id='word_1_245' title='bbox 830 2511 959 2576; x_wconf 68' lang='lat' dir='ltr'><strong><em>explicare</em></strong></span> <span class='ocrx_word' id='word_1_246' title='bbox 983 2516 1120 2568; x_wconf 77' lang='lat' dir='ltr'><strong><em>innodata.</em></strong></span> 
     </span>
     <span class='ocr_line' id='line_1_31' title="bbox 206 2577 1125 2648; baseline 0.002 -16"><span class='ocrx_word' id='word_1_247' title='bbox 206 2581 269 2632; x_wconf 78' lang='lat' dir='ltr'><strong><em>ibid.</em></strong></span> <span class='ocrx_word' id='word_1_248' title='bbox 284 2581 342 2632; x_wconf 86' lang='lat' dir='ltr'><strong><em>viil.</em></strong></span> <span class='ocrx_word' id='word_1_249' title='bbox 355 2585 382 2632; x_wconf 84' lang='lat'><strong><em>3.</em></strong></span> <span class='ocrx_word' id='word_1_250' title='bbox 401 2582 531 2647; x_wconf 78' lang='lat' dir='ltr'><strong><em>erpln&#39;nare</em></strong></span> <span class='ocrx_word' id='word_1_251' title='bbox 544 2595 612 2632; x_wconf 85' lang='lat' dir='ltr'><strong><em>rem.</em></strong></span> <span class='ocrx_word' id='word_1_252' title='bbox 625 2579 690 2629; x_wconf 83' lang='lat' dir='ltr'><strong><em>ibid.</em></strong></span> <span class='ocrx_word' id='word_1_253' title='bbox 703 2578 752 2628; x_wconf 84' lang='lat' dir='ltr'><strong><em>xii.</em></strong></span> <span class='ocrx_word' id='word_1_254' title='bbox 764 2579 808 2628; x_wconf 89' lang='grc'><strong><em>29.</em></strong></span> <span class='ocrx_word' id='word_1_255' title='bbox 827 2577 862 2629; x_wconf 85' lang='lat' dir='ltr'><strong><em>de</em></strong></span> <span class='ocrx_word' id='word_1_256' title='bbox 874 2582 958 2632; x_wconf 87' lang='lat' dir='ltr'><strong><em>lrortis</em></strong></span> <span class='ocrx_word' id='word_1_257' title='bbox 970 2598 1069 2648; x_wconf 83' lang='lat' dir='ltr'><strong><em>quaeso</em></strong></span> <span class='ocrx_word' id='word_1_258' title='bbox 1081 2600 1125 2634; x_wconf 77' lang='lat' dir='ltr'><strong><em>eu·</em></strong></span> 
     </span>
     <span class='ocr_line' id='line_1_32' title="bbox 204 2646 1126 2730; baseline 0.005 -31"><span class='ocrx_word' id='word_1_259' title='bbox 204 2649 286 2730; x_wconf 80' lang='lat' dir='ltr'><strong><em>plica.</em></strong></span> <span class='ocrx_word' id='word_1_260' title='bbox 299 2649 335 2700; x_wconf 86' lang='lat' dir='ltr'><strong><em>oi.</em></strong></span> <span class='ocrx_word' id='word_1_261' title='bbox 349 2665 375 2701; x_wconf 84' lang='lat' dir='ltr'><strong><em>r.</em></strong></span> <span class='ocrx_word' id='word_1_262' title='bbox 391 2653 431 2701; x_wconf 91' lang='grc'><strong><em>12.</em></strong></span> <span class='ocrx_word' id='word_1_263' title='bbox 451 2649 538 2715; x_wconf 84' lang='lat' dir='ltr'><strong><em>*quid</em></strong></span> <span class='ocrx_word' id='word_1_264' title='bbox 548 2646 710 2713; x_wconf 70' lang='lat' dir='ltr'><strong><em>faciendum</em></strong></span> <span class='ocrx_word' id='word_1_265' title='bbox 722 2652 771 2696; x_wconf 82' lang='lat' dir='ltr'><strong><em>stat</em></strong></span> <span class='ocrx_word' id='word_1_266' title='bbox 805 2646 915 2698; x_wconf 84' lang='lat' dir='ltr'><strong><em>ndumve</em></strong></span> <span class='ocrx_word' id='word_1_267' title='bbox 927 2649 961 2700; x_wconf 81' lang='lat' dir='ltr'><strong><em>tit</em></strong></span> <span class='ocrx_word' id='word_1_268' title='bbox 972 2650 1069 2711; x_wconf 81' lang='lat' dir='ltr'><strong><em>dooere.</em></strong></span> <span class='ocrx_word' id='word_1_269' title='bbox 1080 2658 1126 2704; x_wconf 82' lang='lat' dir='ltr'><strong><em>au</em></strong></span> 
     </span>
     <span class='ocr_line' id='line_1_33' title="bbox 207 2714 1124 2784; baseline 0.003 -15"><span class='ocrx_word' id='word_1_270' title='bbox 207 2717 336 2769; x_wconf 81' lang='lat' dir='ltr'><strong><em>inuenire.</em></strong></span> <span class='ocrx_word' id='word_1_271' title='bbox 364 2717 498 2770; x_wconf 71' lang='grc'><strong>55511.</strong></span> <span class='ocrx_word' id='word_1_272' title='bbox 513 2723 554 2769; x_wconf 90' lang='lat' dir='ltr'><strong><em>ll.</em></strong></span> <span class='ocrx_word' id='word_1_273' title='bbox 573 2714 717 2784; x_wconf 84' lang='lat' dir='ltr'><strong><em>cogitando</em></strong></span> <span class='ocrx_word' id='word_1_274' title='bbox 736 2717 782 2768; x_wconf 87' lang='lat' dir='ltr'><strong><em>nih</em></strong></span> <span class='ocrx_word' id='word_1_275' title='bbox 822 2716 975 2782; x_wconf 69' lang='lat' dir='ltr'><strong><em>adplicatur.</em></strong></span> <span class='ocrx_word' id='word_1_276' title='bbox 989 2719 1053 2772; x_wconf 80' lang='grc'><strong>1511.</strong></span> <span class='ocrx_word' id='word_1_277' title='bbox 1066 2721 1124 2773; x_wconf 81' lang='lat' dir='ltr'><strong><em>xiii.</em></strong></span> 
     </span>
     <span class='ocr_line' id='line_1_34' title="bbox 201 2786 1127 2855; baseline 0.005 -18"><span class='ocrx_word' id='word_1_278' title='bbox 201 2790 250 2838; x_wconf 88' lang='grc'><strong><em>18.</em></strong></span> <span class='ocrx_word' id='word_1_279' title='bbox 270 2788 351 2855; x_wconf 83' lang='grc'><strong>51555</strong></span> <span class='ocrx_word' id='word_1_280' title='bbox 368 2789 419 2839; x_wconf 86' lang='lat' dir='ltr'><strong><em>hoo</em></strong></span> <span class='ocrx_word' id='word_1_281' title='bbox 440 2789 506 2841; x_wconf 85' lang='lat' dir='ltr'><strong><em>milri</em></strong></span> <span class='ocrx_word' id='word_1_282' title='bbox 519 2787 629 2852; x_wconf 80' lang='grc'><strong>55511555</strong></span> <span class='ocrx_word' id='word_1_283' title='bbox 642 2787 743 2838; x_wconf 75' lang='lat' dir='ltr'><strong><em>velim:</em></strong></span> <span class='ocrx_word' id='word_1_284' title='bbox 763 2786 790 2836; x_wconf 85' lang='lat' dir='ltr'><strong><em>lt.</em></strong></span> <span class='ocrx_word' id='word_1_285' title='bbox 803 2787 1075 2842; x_wconf 74' lang='grc'><strong>555151555511555</strong></span> <span class='ocrx_word' id='word_1_286' title='bbox 1087 2788 1127 2841; x_wconf 87' lang='lat' dir='ltr'><strong><em>di·</em></strong></span> 
     </span>
     <span class='ocr_line' id='line_1_35' title="bbox 208 2853 1123 2922; baseline 0.003 -14"><span class='ocrx_word' id='word_1_287' title='bbox 208 2872 259 2908; x_wconf 83' lang='lat' dir='ltr'><strong><em>aas.</em></strong></span> <span class='ocrx_word' id='word_1_288' title='bbox 280 2855 346 2909; x_wconf 89' lang='lat' dir='ltr'><strong><em>ibid.</em></strong></span> <span class='ocrx_word' id='word_1_289' title='bbox 359 2859 415 2910; x_wconf 83' lang='lat' dir='ltr'><strong><em>xvi.</em></strong></span> <span class='ocrx_word' id='word_1_290' title='bbox 428 2860 453 2908; x_wconf 93' lang='grc'><strong><em>8.</em></strong></span> <span class='ocrx_word' id='word_1_291' title='bbox 473 2860 524 2909; x_wconf 86' lang='lat' dir='ltr'><strong><em>hoe</em></strong></span> <span class='ocrx_word' id='word_1_292' title='bbox 537 2856 655 2922; x_wconf 77' lang='lat' dir='ltr'><strong><em>explica:</em></strong></span> <span class='ocrx_word' id='word_1_293' title='bbox 675 2858 693 2907; x_wconf 90' lang='lat' dir='ltr'><strong><em>i.</em></strong></span> <span class='ocrx_word' id='word_1_294' title='bbox 707 2872 732 2907; x_wconf 90' lang='lat' dir='ltr'><strong><em>e.</em></strong></span> <span class='ocrx_word' id='word_1_295' title='bbox 746 2855 809 2919; x_wconf 83' lang='lat' dir='ltr'><strong><em>quid</em></strong></span> <span class='ocrx_word' id='word_1_296' title='bbox 817 2853 976 2922; x_wconf 80' lang='lat' dir='ltr'><strong><em>faciendum</em></strong></span> <span class='ocrx_word' id='word_1_297' title='bbox 995 2859 1037 2919; x_wconf 83' lang='lat' dir='ltr'><strong><em>sit,</em></strong></span> <span class='ocrx_word' id='word_1_298' title='bbox 1055 2860 1123 2911; x_wconf 81' lang='lat' dir='ltr'><strong><em>doce.</em></strong></span> 
     </span>
     <span class='ocr_line' id='line_1_36' title="bbox 206 2924 1126 2996; baseline 0.003 -17"><span class='ocrx_word' id='word_1_299' title='bbox 206 2926 418 2980; x_wconf 72' lang='grc'><strong>5511155113.</strong></span> <span class='ocrx_word' id='word_1_300' title='bbox 437 2943 490 2996; x_wconf 91' lang='lat' dir='ltr'><strong><em>quo</em></strong></span> <span class='ocrx_word' id='word_1_301' title='bbox 502 2932 627 2994; x_wconf 84' lang='lat' dir='ltr'><strong><em>tempore</em></strong></span> <span class='ocrx_word' id='word_1_302' title='bbox 648 2942 693 2978; x_wconf 84' lang='lat' dir='ltr'><strong><em>me</em></strong></span> <span class='ocrx_word' id='word_1_303' title='bbox 710 2924 803 2978; x_wconf 85' lang='lat' dir='ltr'><strong><em>vidisti</em></strong></span> <span class='ocrx_word' id='word_1_304' title='bbox 822 2927 861 2978; x_wconf 84' lang='lat' dir='ltr'><strong><em>ita</em></strong></span> <span class='ocrx_word' id='word_1_305' title='bbox 881 2930 1080 2988; x_wconf 81' lang='lat' dir='ltr'><strong><em>conturbatum,</em></strong></span> <span class='ocrx_word' id='word_1_306' title='bbox 1094 2934 1126 2982; x_wconf 85' lang='lat' dir='ltr'><strong><em>ut</em></strong></span> 
     </span>
     <span class='ocr_line' id='line_1_37' title="bbox 207 2995 1125 3066; baseline 0.001 -17"><span class='ocrx_word' id='word_1_307' title='bbox 207 3012 260 3049; x_wconf 88' lang='lat' dir='ltr'><strong><em>non</em></strong></span> <span class='ocrx_word' id='word_1_308' title='bbox 272 2997 439 3063; x_wconf 79' lang='lat' dir='ltr'><strong><em>explicarent,</em></strong></span> <span class='ocrx_word' id='word_1_309' title='bbox 451 2997 517 3066; x_wconf 91' lang='lat' dir='ltr'><strong><em>quid</em></strong></span> <span class='ocrx_word' id='word_1_310' title='bbox 533 3001 608 3049; x_wconf 87' lang='lat' dir='ltr'><strong><em>esset</em></strong></span> <span class='ocrx_word' id='word_1_311' title='bbox 626 2997 761 3062; x_wconf 86' lang='lat' dir='ltr'><strong><em>optimum</em></strong></span> <span class='ocrx_word' id='word_1_312' title='bbox 781 2995 865 3048; x_wconf 82' lang='lat' dir='ltr'><strong><em>iactu.</em></strong></span> <span class='ocrx_word' id='word_1_313' title='bbox 884 2996 945 3050; x_wconf 83' lang='lat' dir='ltr'><strong><em>*ad</em></strong></span> <span class='ocrx_word' id='word_1_314' title='bbox 955 2997 1017 3050; x_wconf 87' lang='lat' dir='ltr'><strong><em>Dir.</em></strong></span> <span class='ocrx_word' id='word_1_315' title='bbox 1031 3002 1067 3050; x_wconf 81' lang='lat' dir='ltr'><strong><em>lu.</em></strong></span> <span class='ocrx_word' id='word_1_316' title='bbox 1080 3001 1125 3050; x_wconf 89' lang='grc'><strong><em>25.</em></strong></span> 
     </span>
     <span class='ocr_line' id='line_1_38' title="bbox 206 3066 1126 3139; baseline 0 -20"><span class='ocrx_word' id='word_1_317' title='bbox 206 3071 295 3120; x_wconf 85' lang='lat' dir='ltr'><strong><em>totam</em></strong></span> <span class='ocrx_word' id='word_1_318' title='bbox 309 3077 375 3139; x_wconf 71' lang='grc'><strong>11555</strong></span> <span class='ocrx_word' id='word_1_319' title='bbox 384 3069 495 3125; x_wconf 65' lang='lat' dir='ltr'><strong><em>rantur,</em></strong></span> <span class='ocrx_word' id='word_1_320' title='bbox 513 3082 594 3135; x_wconf 85' lang='lat' dir='ltr'><strong><em>quam</em></strong></span> <span class='ocrx_word' id='word_1_321' title='bbox 606 3069 789 3119; x_wconf 83' lang='lat' dir='ltr'><strong><em>contriveram</em></strong></span> <span class='ocrx_word' id='word_1_322' title='bbox 802 3066 923 3134; x_wconf 81' lang='lat' dir='ltr'><strong><em>legendo.</em></strong></span> <span class='ocrx_word' id='word_1_323' title='bbox 937 3069 965 3120; x_wconf 92' lang='lat' dir='ltr'><strong><em>in</em></strong></span> <span class='ocrx_word' id='word_1_324' title='bbox 976 3070 1027 3120; x_wconf 83' lang='lat' dir='ltr'><strong><em>hoo</em></strong></span> <span class='ocrx_word' id='word_1_325' title='bbox 1040 3071 1126 3134; x_wconf 84' lang='lat' dir='ltr'><strong><em>impe·</em></strong></span> 
     </span>
     <span class='ocr_line' id='line_1_39' title="bbox 206 3135 1125 3203; baseline -0.001 -13"><span class='ocrx_word' id='word_1_326' title='bbox 206 3137 247 3190; x_wconf 84' lang='lat' dir='ltr'><strong><em>rio</em></strong></span> <span class='ocrx_word' id='word_1_327' title='bbox 259 3136 407 3203; x_wconf 82' lang='lat' dir='ltr'><strong><em>eapliaaoi:</em></strong></span> <span class='ocrx_word' id='word_1_328' title='bbox 426 3137 453 3186; x_wconf 88' lang='lat' dir='ltr'><strong><em>h.</em></strong></span> <span class='ocrx_word' id='word_1_329' title='bbox 467 3152 492 3188; x_wconf 86' lang='lat' dir='ltr'><strong><em>e.</em></strong></span> <span class='ocrx_word' id='word_1_330' title='bbox 506 3137 536 3188; x_wconf 87' lang='lat' dir='ltr'><strong><em>in</em></strong></span> <span class='ocrx_word' id='word_1_331' title='bbox 547 3152 626 3188; x_wconf 82' lang='lat' dir='ltr'><strong><em>usum</em></strong></span> <span class='ocrx_word' id='word_1_332' title='bbox 641 3135 765 3193; x_wconf 78' lang='lat' dir='ltr'><strong><em>conuerti,</em></strong></span> <span class='ocrx_word' id='word_1_333' title='bbox 779 3135 896 3188; x_wconf 79' lang='lat' dir='ltr'><strong><em>udaidui.</em></strong></span> <span class='ocrx_word' id='word_1_334' title='bbox 915 3136 1040 3189; x_wconf 74' lang='lat' dir='ltr'><strong><em>*endum</em></strong></span> <span class='ocrx_word' id='word_1_335' title='bbox 1052 3152 1125 3203; x_wconf 86' lang='lat' dir='ltr'><strong><em>repe·</em></strong></span> 
     </span>
     <span class='ocr_line' id='line_1_40' title="bbox 206 3204 1126 3275; baseline 0.002 -16"><span class='ocrx_word' id='word_1_336' title='bbox 206 3207 273 3259; x_wconf 87' lang='lat' dir='ltr'><strong><em>rire.</em></strong></span> <span class='ocrx_word' id='word_1_337' title='bbox 292 3205 326 3257; x_wconf 81' lang='lat' dir='ltr'><strong><em>ad</em></strong></span> <span class='ocrx_word' id='word_1_338' title='bbox 339 3205 401 3257; x_wconf 87' lang='lat' dir='ltr'><strong><em>Dir.</em></strong></span> <span class='ocrx_word' id='word_1_339' title='bbox 419 3207 475 3257; x_wconf 83' lang='lat' dir='ltr'><strong><em>xiv.</em></strong></span> <span class='ocrx_word' id='word_1_340' title='bbox 490 3208 531 3258; x_wconf 90' lang='grc'><strong><em>12.</em></strong></span> <span class='ocrx_word' id='word_1_341' title='bbox 551 3211 653 3266; x_wconf 84' lang='lat' dir='ltr'><strong><em>metuo,</em></strong></span> <span class='ocrx_word' id='word_1_342' title='bbox 666 3221 701 3258; x_wconf 87' lang='lat' dir='ltr'><strong><em>ne</em></strong></span> <span class='ocrx_word' id='word_1_343' title='bbox 714 3204 740 3256; x_wconf 86' lang='lat' dir='ltr'><strong><em>id</em></strong></span> <span class='ocrx_word' id='word_1_344' title='bbox 753 3206 859 3257; x_wconf 84' lang='lat' dir='ltr'><strong><em>consilii</em></strong></span> <span class='ocrx_word' id='word_1_345' title='bbox 878 3209 1041 3275; x_wconf 73' lang='lat' dir='ltr'><strong><em>ceperimus,</em></strong></span> <span class='ocrx_word' id='word_1_346' title='bbox 1054 3206 1126 3275; x_wconf 81' lang='lat' dir='ltr'><strong><em>quod</em></strong></span> 
     </span>
     <span class='ocr_line' id='line_1_41' title="bbox 207 3273 1125 3345; baseline 0 -18"><span class='ocrx_word' id='word_1_347' title='bbox 207 3276 338 3341; x_wconf 75' lang='lat' dir='ltr'><strong><em>explicare</em></strong></span> <span class='ocrx_word' id='word_1_348' title='bbox 358 3290 410 3328; x_wconf 91' lang='lat' dir='ltr'><strong><em>non</em></strong></span> <span class='ocrx_word' id='word_1_349' title='bbox 430 3274 509 3328; x_wconf 81' lang='lat' dir='ltr'><strong><em>facile</em></strong></span> <span class='ocrx_word' id='word_1_350' title='bbox 533 3276 674 3345; x_wconf 86' lang='lat' dir='ltr'><strong><em>passimus.</em></strong></span> <span class='ocrx_word' id='word_1_351' title='bbox 693 3273 752 3326; x_wconf 88' lang='lat' dir='ltr'><strong><em>*in</em></strong></span> <span class='ocrx_word' id='word_1_352' title='bbox 763 3289 792 3326; x_wconf 87' lang='lat' dir='ltr'><strong><em>re</em></strong></span> <span class='ocrx_word' id='word_1_353' title='bbox 810 3276 967 3341; x_wconf 88' lang='lat' dir='ltr'><strong><em>pecuniaria</em></strong></span> <span class='ocrx_word' id='word_1_354' title='bbox 985 3277 1083 3328; x_wconf 82' lang='lat' dir='ltr'><strong><em>dieitur</em></strong></span> <span class='ocrx_word' id='word_1_355' title='bbox 1094 3282 1125 3327; x_wconf 88' lang='lat' dir='ltr'><strong><em>ut</em></strong></span> 
     </span>
     <span class='ocr_line' id='line_1_42' title="bbox 207 3343 1125 3468; baseline 0.002 -71"><span class='ocrx_word' id='word_1_356' title='bbox 207 3344 399 3466; x_wconf 51' lang='grc' dir='ltr'><strong>5515ρὲ11155ἰᾶ</strong></span> <span class='ocrx_word' id='word_1_357' title='bbox 411 3361 460 3427; x_wconf 79' lang='lat' dir='ltr'><strong><em>quo</em></strong></span> <span class='ocrx_word' id='word_1_358' title='bbox 471 3352 540 3398; x_wconf 87' lang='lat' dir='ltr'><strong><em>ante.</em></strong></span> <span class='ocrx_word' id='word_1_359' title='bbox 548 3344 703 3467; x_wconf 47' lang='lat' dir='ltr'><strong><em>lvffiffl</em></strong></span> <span class='ocrx_word' id='word_1_360' title='bbox 715 3346 759 3397; x_wconf 87' lang='grc'><strong><em>29.</em></strong></span> <span class='ocrx_word' id='word_1_361' title='bbox 769 3343 909 3468; x_wconf 53' lang='grc' dir='ltr'><strong><em>ί1515515155</em></strong></span> <span class='ocrx_word' id='word_1_362' title='bbox 925 3348 1019 3467; x_wconf 55' lang='grc'><strong><em>155111156</em></strong></span> <span class='ocrx_word' id='word_1_363' title='bbox 1027 3362 1125 3466; x_wconf 46' lang='lat' dir='ltr'><strong><em>uffa</em></strong></span> 
     </span>
     <span class='ocr_line' id='line_1_43' title="bbox 208 3428 1127 3479; baseline 0.003 -14"><span class='ocrx_word' id='word_1_364' title='bbox 208 3429 257 3465; x_wconf 86' lang='lat' dir='ltr'><strong><em>ru</em></strong></span> <span class='ocrx_word' id='word_1_365' title='bbox 288 3428 336 3479; x_wconf 80' lang='lat' dir='ltr'><strong><em>enp</em></strong></span> <span class='ocrx_word' id='word_1_366' title='bbox 414 3430 548 3468; x_wconf 75' lang='lat' dir='ltr'><strong><em>:nasa</em></strong></span> <span class='ocrx_word' id='word_1_367' title='bbox 702 3430 1027 3468; x_wconf 82' lang='lat' dir='ltr'><strong><em>rn.e.11.r...·.</em></strong></span> <span class='ocrx_word' id='word_1_368' title='bbox 1091 3432 1127 3468; x_wconf 83' lang='lat' dir='ltr'><strong><em>u·</em></strong></span> 
     </span>
     <span class='ocr_line' id='line_1_44' title="bbox 207 3482 1125 3554; baseline 0.004 -21"><span class='ocrx_word' id='word_1_369' title='bbox 207 3483 314 3534; x_wconf 78' lang='lat' dir='ltr'><strong><em>soluere.</em></strong></span> <span class='ocrx_word' id='word_1_370' title='bbox 350 3482 412 3535; x_wconf 79' lang='lat' dir='ltr'><strong><em>Dis.</em></strong></span> <span class='ocrx_word' id='word_1_371' title='bbox 425 3484 454 3536; x_wconf 88' lang='lat' dir='ltr'><strong><em>ii.</em></strong></span> <span class='ocrx_word' id='word_1_372' title='bbox 469 3488 511 3537; x_wconf 91' lang='grc'><strong><em>17.</em></strong></span> <span class='ocrx_word' id='word_1_373' title='bbox 530 3500 596 3554; x_wconf 85' lang='lat' dir='ltr'><strong><em>quas</em></strong></span> <span class='ocrx_word' id='word_1_374' title='bbox 605 3487 745 3552; x_wconf 82' lang='lat' dir='ltr'><strong><em>captiones</em></strong></span> <span class='ocrx_word' id='word_1_375' title='bbox 757 3501 892 3553; x_wconf 90' lang='lat' dir='ltr'><strong><em>nunquam</em></strong></span> <span class='ocrx_word' id='word_1_376' title='bbox 902 3485 1044 3551; x_wconf 79' lang='lat' dir='ltr'><strong><em>eaplieetis.</em></strong></span> <span class='ocrx_word' id='word_1_377' title='bbox 1056 3484 1072 3517; x_wconf 88' lang='grc'><em>*</em></span> <span class='ocrx_word' id='word_1_378' title='bbox 1080 3502 1125 3537; x_wconf 80' lang='lat' dir='ltr'><strong><em>ea-</em></strong></span> 
     </span>
     <span class='ocr_line' id='line_1_45' title="bbox 207 3552 1121 3623; baseline 0.002 -18"><span class='ocrx_word' id='word_1_379' title='bbox 207 3552 313 3605; x_wconf 79' lang='lat' dir='ltr'><strong><em>reluere.</em></strong></span> <span class='ocrx_word' id='word_1_380' title='bbox 340 3552 420 3606; x_wconf 88' lang='lat' dir='ltr'><strong><em>Verr.</em></strong></span> <span class='ocrx_word' id='word_1_381' title='bbox 433 3570 460 3605; x_wconf 85' lang='lat' dir='ltr'><strong><em>v.</em></strong></span> <span class='ocrx_word' id='word_1_382' title='bbox 473 3556 516 3607; x_wconf 86' lang='grc'><strong><em>58.</em></strong></span> <span class='ocrx_word' id='word_1_383' title='bbox 535 3555 666 3621; x_wconf 81' lang='lat' dir='ltr'><strong><em>eapiieare</em></strong></span> <span class='ocrx_word' id='word_1_384' title='bbox 689 3571 719 3606; x_wconf 87' lang='lat' dir='ltr'><strong><em>se</em></strong></span> <span class='ocrx_word' id='word_1_385' title='bbox 735 3571 770 3608; x_wconf 82' lang='lat' dir='ltr'><strong><em>ex</em></strong></span> <span class='ocrx_word' id='word_1_386' title='bbox 791 3556 894 3623; x_wconf 86' lang='lat' dir='ltr'><strong><em>laqueis</em></strong></span> <span class='ocrx_word' id='word_1_387' title='bbox 914 3557 942 3608; x_wconf 84' lang='lat' dir='ltr'><strong><em>vi</em></strong></span> <span class='ocrx_word' id='word_1_388' title='bbox 962 3559 994 3606; x_wconf 81' lang='lat' dir='ltr'><strong><em>et</em></strong></span> <span class='ocrx_word' id='word_1_389' title='bbox 1006 3555 1121 3608; x_wconf 86' lang='lat' dir='ltr'><strong><em>ratione.</em></strong></span> 
     </span>
    </p>
   </div>
   <div class='ocr_carea' id='block_1_3' title="bbox 207 3621 1124 3695">
    <p class='ocr_par' dir='ltr' id='par_1_10' title="bbox 207 3621 1124 3695">
     <span class='ocr_line' id='line_1_46' title="bbox 207 3621 1124 3695; baseline 0.019 -30"><span class='ocrx_word' id='word_1_390' title='bbox 207 3621 408 3694; x_wconf 69' lang='grc'><strong>1555555551</strong></span> <span class='ocrx_word' id='word_1_391' title='bbox 427 3639 459 3679; x_wconf 83' lang='lat' dir='ltr'><strong><em>ut</em></strong></span> <span class='ocrx_word' id='word_1_392' title='bbox 476 3625 532 3683; x_wconf 85' lang='lat' dir='ltr'><strong><em>alia</em></strong></span> <span class='ocrx_word' id='word_1_393' title='bbox 542 3624 638 3695; x_wconf 66' lang='lat' dir='ltr'><strong><em>lingua</em></strong></span> <span class='ocrx_word' id='word_1_394' title='bbox 648 3624 681 3686; x_wconf 87' lang='lat' dir='ltr'><strong><em>in</em></strong></span> <span class='ocrx_word' id='word_1_395' title='bbox 694 3624 787 3679; x_wconf 76' lang='lat' dir='ltr'><strong><em>aliani.</em></strong></span> <span class='ocrx_word' id='word_1_396' title='bbox 822 3625 902 3681; x_wconf 82' lang='lat' dir='ltr'><strong><em>Orat.</em></strong></span> <span class='ocrx_word' id='word_1_397' title='bbox 915 3627 934 3679; x_wconf 90' lang='lat' dir='ltr'><strong><em>i.</em></strong></span> <span class='ocrx_word' id='word_1_398' title='bbox 947 3627 991 3679; x_wconf 83' lang='grc'><strong><em>34.</em></strong></span> <span class='ocrx_word' id='word_1_399' title='bbox 1008 3628 1041 3679; x_wconf 84' lang='grc'><strong><em>51</em></strong></span> <span class='ocrx_word' id='word_1_400' title='bbox 1052 3642 1124 3681; x_wconf 89' lang='lat' dir='ltr'><strong><em>sum·</em></strong></span> 
     </span>
    </p>
   </div>
   <div class='ocr_carea' id='block_1_4' title="bbox 0 0 1292 4209">
    <p class='ocr_par' dir='ltr' id='par_1_11' title="bbox 0 0 1292 4209">
     <span class='ocr_line' id='line_1_47' title="bbox 0 0 1292 4209; baseline 0 0"><span class='ocrx_word' id='word_1_401' title='bbox 0 0 1292 4209; x_wconf 95' lang='lat' dir='ltr'><strong><em> </em></strong></span> 
     </span>
    </p>
   </div>
  </div>
 </body>
</html>
