2567 4209
479 314 733 372 uusrurrsrrs.
1009 322 1073 385 305

151 477 237 530 etiam
250 474 335 529 literis
347 475 505 543 perpolitus.
518 474 672 543 *episteme
685 475 747 527 Ait.
757 474 796 528 xl.
804 476 830 526 5.
841 473 973 528 conicere
982 476 1073 543 plures

151 547 241 598 literas
258 560 310 598 nou
329 547 415 612 potui.
443 546 476 597 iis
488 550 595 598 tautum
608 546 743 613 rescripsi,
762 561 780 597 a
796 545 892 613 quibus
904 559 1072 612 acceperam.

151 614 273 668 *lunii
286 622 352 667 oatr.
366 615 410 667 lric
435 615 504 667 liber
521 630 574 668 uon
595 631 691 684 parum
714 616 836 668 continet
857 613 1033 674 tueremur.
1046 629 1073 665 e.

150 685 216 737 satis
229 686 322 750 longus
333 691 379 737 ost.
398 683 413 718 *
426 685 454 735 de
467 685 564 750 scripto
576 701 610 736 se.
621 684 652 736 iu
664 684 772 749 terim
791 681 1072 736 portuensium.

152 757 196 806 37.
217 757 274 806 sine
295 755 380 807 litoris
391 759 436 813 est,
453 769 508 805 non
526 753 630 820 seriptis
643 754 751 819 leg-iliu.
770 752 906 805 *Caeciru
918 755 963 804 29.
982 751 1073 804 serbis

151 829 183 876 at
195 823 278 875 litorio
290 829 320 876 et
328 826 501 890 summojure
514 823 697 877 contenditur.
1010 832 1014 841 ‘
1038 868 1046 886 ,

187 892 345 947 barastra.
365 891 444 944 Brut.
456 895 499 945 28.
527 894 657 946 literatius
678 894 759 961 laquri,
772 898 809 944 ost
820 890 975 951 acusratiu,
987 889 1076 955 magis

77 1022 81 1031 ¹
151 962 302 1026 euregniis
323 961 397 1022 artis,
418 962 525 1013 ionius.
556 961 622 1015 Har.
645 962 679 1014 R.
692 966 718 1014 8.
746 962 847 1014 literato
866 958 1073 1028 respondissem.

153 1029 281 1082 Graevius
292 1031 391 1082 dietum
410 1037 485 1097 putot
493 1046 545 1097 pra
564 1033 654 1098 polito.
667 1032 805 1097 elegantor,
816 1046 866 1096 per
876 1029 1015 1081 ironiam.-
1033 1027 1077 1079 sest

152 1105 302 1151 carucatam
322 1100 496 1152 consideranti
512 1101 648 1153 nietam
659 1117 724 1152 osso:
742 1099 776 1152 ad
788 1100 907 1152 literam.
929 1096 1020 1150 cuore
1032 1112 1076 1149 ro·

149 1174 230 1234 gatus
242 1170 274 1220 at
286 1170 443 1232 αάυιηαήο,
456 1173 530 1239 cujus
545 1176 619 1225 esset
626 1170 748 1223 civitatis
760 1168 773 1220 ‘i
790 1168 931 1234 rosporsdit,
944 1165 999 1232 ojus
1010 1180 1076 1231 puae

152 1253 242 1290 sorore
254 1239 373 1305 ipsonou
381 1245 474 1306 posset.
511 1239 617 1294 Cutius
629 1239 769 1304 ingemuit.
788 1237 861 1295 Quid
874 1238 957 1306 igitur
968 1250 1078 1302 respon·

152 1306 272 1360 dorem?
298 1309 395 1375 pergit.
415 1326 459 1362 me
471 1311 561 1364 civem
579 1326 639 1363 esse
660 1305 835 1362 Romanum?
853 1307 954 1359 literato
966 1320 1077 1372 respou-

153 1376 263 1429 dissem.
284 1377 337 1429 l’is.
347 1381 391 1430 26.
404 1380 505 1431 literato
517 1385 547 1432 et
559 1381 629 1433 scite
638 1383 807 1446 perscriptae
819 1377 946 1430 rationes.
966 1374 981 1408 *
994 1373 1075 1426 Brut.

153 1447 197 1496 66.
216 1446 378 1512 scriptorum
391 1453 515 1499 veterum
536 1449 637 1500 literato
655 1451 767 1514 peritus,
781 1451 800 1498 i.
813 1462 838 1499 e.
850 1452 880 1498 ut
890 1460 961 1497 nune
977 1443 1076 1504 diurni,

153 1529 228 1567 more
240 1520 265 1565 et
276 1515 416 1567 motilitas
428 1514 599 1567 Criticorum.
611 1516 660 1567 Or.
671 1517 701 1566 ii.
710 1518 752 1567 66.
761 1516 835 1567 holle
843 1519 873 1567 et
882 1515 982 1565 turrae
990 1512 1073 1563 dicia.

190 1582 387 1643 tresorum,
406 1585 547 1650 scriptura.
564 1584 664 1637 Periit.
678 1589 702 1635 7.
721 1585 851 1653 memoria
862 1587 906 1634 est
923 1581 1030 1650 gemina
1041 1578 1075 1630 li·

154 1659 286 1705 teraturao
297 1681 309 1693 ·
321 1681 332 1693 ·
344 1650 416 1705 Nam
424 1657 457 1704 ut
470 1653 517 1705 illa
527 1658 635 1706 mustat
647 1669 660 1704 e
672 1653 743 1705 uotis
755 1653 894 1705 literarum
907 1656 985 1703 etex
997 1663 1038 1709 eo,
1048 1650 1076 1698 iu

155 1738 210 1791 quo
222 1724 413 1789 imprimuntur
425 1738 475 1774 eae
487 1729 577 1783 uotae,
589 1727 646 1774 etc.
668 1726 670 1728 ’
735 1772 737 1779 ,

190 1790 361 1850 Larussrus.
380 1793 465 1845 doctu
477 1792 507 1843 in
519 1793 608 1856 eliqua
624 1806 728 1856 genero.
755 1790 803 1843 Or.
817 1790 856 1842 iii.
870 1793 912 1841 11.
931 1785 1083 1840 literatissi-

155 1879 215 1916 ruus
228 1867 387 1933 togatam.
416 1861 526 1915 Mun-l.
541 1862 732 1915 vtuauulrilitas
751 1860 903 1933 hominii&
923 1857 1079 1943 immite}

156 1934 292 1986 historicis
304 1942 347 1986 est
359 1935 457 1986 notior.
485 1931 556 1997 *qui
567 1934 651 1997 legero
661 1937 753 1998 potest.
772 1931 839 1984 Nat.
853 1933 885 1982 D.
895 1933 934 1983 iii.
943 1933 969 1982 9.
990 1931 1040 1983 hoc
1054 1947 1077 1983 ss

176 2004 250 2057 lacet
252 2006 309 2072 jam
321 2003 428 2059 efficies.
442 2007 473 2055 ut
486 2001 597 2054 muudus
611 2002 716 2070 optimo
729 2003 828 2055 librum
842 2000 931 2068 legere
944 1998 1077 2052 rideatur.

156 2019 273 2125 {enanis
285 2073 357 2124 enim
370 2073 491 2140 vestigiis
502 2075 551 2124 troc
559 2071 638 2125 modo
647 2073 749 2138 poteris
758 2071 891 2144 rationem
899 2070 1077 2124 concluderes

116 2166 121 2167 ff
156 2143 227 2212 quad
240 2144 436 2206 iireroncm‘est
454 2142 486 2199 ‘iu'
506 2150 550 2199 est
570 2143 674 2199 meiius.
689 2149 769 2216 quam
781 2148 851 2215 quod
871 2156 923 2201 noo
944 2148 1080 2203 literatura

156 2220 209 2266 est.
239 2213 415 2281 *intelligens
433 2217 539 2281 linguae
559 2216 680 2284 alicujus,
693 2226 724 2268 ut
746 2218 808 2270 beno
831 2217 903 2282 loqui
926 2220 1077 2272 astruere

153 2285 244 2348 passu.
263 2284 338 2338 Offic.
353 2288 371 2337 i.
384 2290 427 2338 37.
454 2303 499 2339 eos
519 2288 655 2356 exquisito
670 2286 773 2355 judicio
791 2288 832 2339 uti
854 2293 963 2353 putares
986 2289 1079 2342 litera·
1102 2316 1104 2321 ·

156 2368 216 2405 rum
231 2373 236 2403 :
256 2361 416 2424 quamquain
429 2361 507 2408 erant
519 2357 635 2408 literati.-
654 2356 701 2408 ssd
710 2361 740 2407 et
752 2357 809 2408 alii.
829 2358 856 2407 hl
869 2364 960 2409 autem
973 2359 1077 2423 optime

158 2421 248 2488 lingua
268 2425 353 2474 latioa
369 2427 411 2475 uti
431 2427 605 2490 putabantur.
624 2425 669 2476 Sis
682 2426 712 2476 iu
724 2425 803 2477 Brut.
815 2428 859 2476 23.
879 2427 991 2478 literato
1004 2427 1077 2494 loqui

157 2502 183 2540 u.
196 2488 306 2540 literato.
325 2488 397 2542 Molo
410 2492 487 2542 illum
499 2493 585 2543 losum
595 2493 780 2558 irtterpretatus
792 2500 829 2545 ost
841 2492 978 2545 Graevius.

194 2555 274 2615 ero,
291 2565 410 2623 paronio,
428 2560 520 2611 hostiis
537 2561 621 2625 placo.
653 2561 742 2614 lilaea.
756 2565 799 2614 38.
826 2563 929 2614 litemus
950 2563 1076 2614 Lentulo.

159 2624 174 2653 ³²
188 2626 268 2678 litare
280 2627 411 2685 dicuntur,
421 2629 467 2693 qui
478 2628 508 2678 in
520 2630 611 2681 hostiis
619 2631 686 2681 bona
695 2637 754 2682 oeta
767 2630 910 2682 inueniunt.
923 2630 985 2683 Dis.
995 2631 1023 2683 ii.
1037 2633 1076 2683 16.

86 2718 88 2723 v
160 2696 282 2764 proxima
293 2698 382 2750 hostia
394 2697 486 2748 litatur
497 2714 579 2766 saepe
591 2701 782 2767 pulcherrime.
800 2701 835 2752 ct.
848 2717 873 2753 c.
889 2704 929 2752 16.
947 2701 999 2752 oid.
1010 2699 1077 2751 Gro-

157 2782 218 2817 nov.
232 2767 265 2817 ael
274 2765 333 2818 sue.
343 2767 401 2818 eiii.
412 2770 438 2818 9.
451 2768 494 2818 sed
509 2768 624 2819 maaime
634 2768 765 2821 Sotuars.
774 2770 808 2820 aa
816 2769 890 2821 Ptin.
902 2769 973 2821 Pan.
979 2786 1008 2835 p.
1017 2771 1077 2820 226.

195 2835 314 2887 Lruorss.
335 2835 413 2888 Vorr.
428 2839 498 2888 196.
517 2853 613 2889 nomen
623 2840 650 2891 iu
659 2839 739 2889 litura
753 2838 827 2890 iecit.
841 2839 877 2890 ii.
887 2842 916 2890 ii.
926 2843 968 2891 12.
981 2854 1079 2891 nomeu

129 2919 131 2922 ’
159 2910 203 2958 est
213 2907 240 2956 in
252 2906 343 2957 litura.
356 2907 383 2957 tu.
397 2924 419 2958 o.
432 2907 478 2957 nti
490 2907 556 2958 illud
567 2923 663 2959 nomeu
674 2914 717 2969 ost,
731 2908 804 2960 alini
814 2906 946 2974 antefati,
959 2908 1026 2974 quod
1036 2909 1078 2960 ‹to-

157 2976 240 3026 toturn
252 2991 303 3026 esse
315 2982 432 3040 apparet.

196 3043 289 3096 bruas.
333 3044 403 3112 Top.
417 3050 441 3098 7.
472 3047 576 3098 solebat
601 3047 736 3114 Aquillius
818 3063 879 3099 cum
902 3047 936 3099 de
957 3047 1078 3100 litoriiue

137 3168 143 3173 ,
159 3117 294 3181 ageretur.
309 3141 320 3153 ·
331 3143 343 3155 ·
354 3114 418 3183 quid
434 3120 508 3168 esset
531 3116 593 3167 litus
605 3117 644 3167 ita
655 3117 766 3168 definire
780 3136 786 3168 ι
813 3134 866 3184 qua
878 3117 974 3169 tluetus
987 3116 1079 3169 elude-

159 3189 212 3235 ret.
231 3182 316 3249 Atqui
328 3183 417 3236 Celsus
428 3186 459 3237 iu
470 3184 575 3250 Digest.
588 3186 617 3237 olo
629 3186 660 3238 V
656 3187 709 3237 orb.
722 3185 821 3253 Signis.
835 3188 878 3237 96.
896 3188 958 3237 turo
969 3193 1014 3245 ost,
1028 3202 1078 3251 que

159 3253 396 3318 mouimusjiuetus
405 3270 422 3306 a
430 3254 502 3308 mari
508 3255 646 3320 peruenit:
665 3256 739 3320 ianoe
753 3254 794 3307 Μ.
810 3254 924 3316 tutius,
937 3270 997 3306 curn
1008 3256 1079 3306 arbi-

159 3327 201 3375 ter
212 3329 281 3382 osset,
293 3325 397 3388 primus
405 3325 547 3381 coustituit.
570 3323 726 3385 Videndum,
739 3331 830 3376 ulnam
843 3326 873 3376 in
883 3326 931 3376 ltoo
942 3323 1011 3376 Celsi
1023 3326 1078 3375 loce
1096 3339 1099 3343 ¹

161 3391 296 3459 Aquillius
319 3395 503 3458 corrigendum
523 3393 565 3453 sit,
579 3394 646 3459 quod
656 3409 698 3446 res
707 3395 828 3461 postulat,
841 3410 877 3446 an
892 3393 981 3445 Celsus
993 3395 1083 3446 locum

160 3458 297 3512 Ciceronis
308 3477 361 3514 non
372 3469 490 3515 mutuato
501 3463 541 3514 ael
551 3463 703 3530 imperent,
711 3463 752 3516 ael
762 3465 882 3525 tenuerit,
892 3470 916 3515 ot
927 3464 1081 3517 memoriter

161 3529 277 3589 tautane
290 3532 459 3584 abcesserit.

196 3597 309 3650 Lruuus.
327 3599 417 3652 usai.
432 3605 473 3652 17.
500 3600 566 3651 unte
585 3602 688 3654 airam
699 3603 780 3655 luuur
791 3603 947 3668 augurum?
963 3601 1025 3654 stt.
1039 3604 1076 3654 ri.

162 3666 204 3718 12.
224 3668 319 3727 lusum
332 3669 505 3735 profectionis
517 3685 594 3723 meas
606 3670 706 3724 fuisso:
719 3674 745 3726 t.
755 3690 777 3726 o.
787 3678 928 3726 auduom.
940 3687 1004 3726 nam
1012 3672 1079 3728 lituo

160 3749 239 3804 uque
251 3752 281 3790 aa
291 3739 353 3791 tuta
364 3738 395 3792 iu
405 3739 471 3793 talto
481 3739 588 3804 signum
599 3741 684 3797 tatu.
