2567 4209
514 275 768 341 iorrmrs'rrs,
1045 276 1107 356 217

189 444 390 503 rmnsumebant
411 449 435 495 et
452 440 540 494 alana
560 458 658 508 quoque
671 444 796 505 dicebant,
809 449 838 496 ut
849 444 890 496 sot
905 442 1028 497 occideret
1040 451 1107 507 onte,

190 527 269 576 quam
289 510 387 562 SCtom
396 512 467 578 fieri
484 518 590 576 posset.-
610 514 678 577 quod
688 512 859 578 SCtumfieri
871 528 924 563 non
939 519 1041 578 poterat
1050 521 1109 581 post

189 581 250 632 solis
264 597 389 633 oceasum.
404 584 467 634 ibid.
481 583 508 633 ii.
524 584 548 633 ti.
562 580 584 631 oi
597 582 650 633 siti
661 599 722 635 curn
736 585 834 650 populo
847 582 941 651 agendi
962 583 1015 634 dies
1027 585 1109 636 errent

189 650 293 701 exemti.
307 652 369 702 ibid.
383 653 436 704 dies
448 652 601 704 comitiales
615 652 738 703 eximere.
750 655 933 717 praetimere
946 659 982 703 est
994 651 1107 721 Legiii.

190 723 230 772 18Ι
250 719 322 772 diem
337 722 443 774 toliere.
463 720 568 771 *Verr.
583 720 619 770 ir.
635 723 675 771 19.
696 723 809 773 eximere
821 720 855 772 de
872 722 934 773 reis.

223 788 315 841 Exmr
334 791 362 839 de
381 792 457 842 libris
469 789 592 840 absolutis
606 789 639 840 ad
654 791 714 841 Att.
731 791 789 843 xiii.
805 794 845 842 13.
865 790 926 842 libri
939 790 1058 842 aciemn
1070 807 1107 844 se.

187 859 216 910 de
229 861 358 917 manibus,
373 862 390 911 i.
405 877 430 911 e.
444 855 555 927 rouffirti
567 865 627 909 sant
640 865 663 909 et
676 860 795 911 resoluit.

223 928 375 989 Errarerrr,
396 929 426 980 in
438 934 601 994 emarpertum
612 929 710 988 uenire,
724 944 860 994 apparere.
880 928 958 981 Verr.
969 930 987 980 i.
1003 932 1043 981 15.
1053 946 1109 984 ma·

188 997 244 1049 ium
258 1013 309 1050 ooo
322 999 419 1050 existit.
457 998 518 1049 Dia.
528 997 547 1048 i.
561 998 604 1047 33.
618 1000 863 1066 submersusequus
873 1013 925 1049 oon
938 998 1032 1049 estitit.

223 1066 414 1125 Exrsrmmm,
429 1068 556 1134 judicare,
567 1070 591 1115 et
603 1067 707 1130 quidem
721 1067 751 1117 in
762 1068 916 1118 deteriorem
926 1073 1047 1133 portem:
1066 1085 1107 1122 re·

185 1137 360 1201 prehendere:
380 1139 444 1205 Agr.
460 1138 486 1189 ii.
500 1138 540 1187 12.
560 1136 757 1196 tantummodo,
771 1138 792 1188 si
806 1137 907 1204 quisea
920 1142 1057 1202 potestate
1067 1142 1108 1191 te·

186 1220 262 1257 mere
275 1212 318 1257 est
330 1222 399 1264 usos,
409 1207 599 1257 eristimumus.
619 1203 737 1257 *Acti
748 1208 774 1257 io
786 1204 863 1257 Verr.
874 1222 898 1257 c.
908 1209 933 1256 t.
954 1208 980 1258 in
989 1207 1109 1262 hostium

186 1289 298 1327 numero
311 1276 468 1328 coistimaoi.
1080 1272 1084 1279 ’

224 1344 424 1405 Exrsrrmrio,
438 1344 582 1411 judicium.
609 1340 816 1396 noseorum.
835 1349 908 1396 extr.
921 1344 961 1397 ita
974 1351 1064 1398 tameo
1077 1350 1107 1400 tc

188 1421 313 1480 quaestus
337 1415 464 1482 cupidum
496 1430 555 1466 esse
575 1416 730 1481 oportebat,
754 1419 786 1465 at
810 1409 904 1466 horum
936 1412 1107 1467 eristimotio·

187 1497 248 1531 uem
260 1480 321 1549 (int.
329 1483 462 1553 judicum)
471 1489 499 1535 et
521 1485 607 1553 legem
618 1483 770 1534 Remmiam
781 1488 890 1549 putares
899 1483 1001 1551 aliquid
1015 1485 1106 1538 valere

187 1557 324 1616 oportere.
360 1551 467 1604 Ciueot.
481 1555 523 1604 29.
552 1553 694 1622 opponitur
715 1559 837 1620 potestas
858 1555 1067 1605 existimationi.
1080 1570 1105 1605 u.

189 1617 273 1670 Gron.
286 1620 319 1670 ad
331 1618 391 1672 Iria.
405 1622 440 1673 iu.
451 1626 492 1673 41.
502 1625 589 1676 ornain.
599 1625 625 1673 2.
635 1622 733 1690 paullo
745 1621 833 1673 minas
845 1627 933 1673 tamen
945 1634 1024 1687 auam
1030 1621 1105 1688 jaat-

185 1690 259 1740 cium
271 1695 306 1740 est
319 1705 368 1756 pro
380 1689 473 1742 Coelio
485 1707 510 1743 c.
522 1693 549 1743 2.
560 1691 605 1744 atii
616 1691 682 1742 uide.
839 1751 842 1755 ,

222 1757 431 1817 Exrsarmoroa,
444 1761 537 1825 putee.
557 1761 636 1815 Brut.
650 1763 693 1811 93.
713 1763 819 1811 tantum
832 1759 962 1819 detraxit,
975 1764 1105 1827 quantum

185 1838 238 1879 oon
248 1828 334 1895 quiris
348 1843 413 1879 unus
426 1846 442 1880 e
454 1832 562 1897 populo,
576 1828 623 1885 sed
636 1828 903 1881 eaistimatordoctus
912 1833 942 1880 et
952 1829 1105 1897 intelligens

185 1903 278 1966 posset
300 1900 522 1966 cognoscereet.
544 1918 569 1953 c.
587 1904 629 1952 54.
650 1899 728 1950 Orat.
741 1901 784 1950 31.
810 1900 974 1951 existimator
993 1899 1103 1967 aiicrrjus

185 1966 302 2023 artificii.
315 1982 367 2019 noo
380 1969 517 2036 magister,
531 1975 586 2023 eta.

222 2034 335 2098 Exiras,
355 2034 493 2103 insudatis
506 2047 542 2092 est
554 2040 649 2092 ultima
659 2052 730 2103 pars,
742 2036 772 2089 in
783 2053 834 2102 quo
850 2053 939 2090 omnes
958 2037 1027 2097 nodi,
1042 2046 1104 2103 quot

185 2112 277 2156 uocant
288 2107 354 2157 artis
366 2109 497 2172 magistri,
506 2111 651 2167 solvuntur,
665 2114 688 2158 et
705 2123 745 2157 rer
757 2107 881 2171 adfinem
893 2108 1008 2173 alipium
1020 2106 1105 2172 inopo-

184 2180 274 2226 ratum
286 2183 309 2227 et
322 2176 511 2243 intepretatum
521 2178 693 2249 perducitur.-
711 2188 791 2242 quam
803 2174 992 2241 Catartropteen
1002 2182 1102 2228 uocant.

184 2260 208 2296 u.
222 2244 318 2310 Scotig.
334 2245 368 2298 R.
383 2246 458 2314 Pott.
472 2249 492 2301 i.
505 2253 530 2301 9.
544 2250 572 2301 id
580 2247 651 2313 fieri
662 2256 723 2297 rum
734 2261 787 2297 aon
796 2252 886 2312 potest,
897 2245 987 2298 tirbula
998 2246 1103 2298 exitam

183 2329 235 2365 non
249 2317 349 2369 habere
371 2317 476 2368 diritm.
524 2318 591 2371 Nat.
606 2317 640 2368 D.
654 2318 673 2367 i.
683 2318 726 2367 20.
757 2320 788 2366 ut
812 2315 906 2382 tragici
921 2319 1027 2382 poitae,
1040 2329 1103 2367 cum

183 2385 320 2449 explicare
334 2390 485 2453 argumenti
499 2389 598 2438 coitum
607 2402 659 2438 non
670 2385 792 2451 potestis,
803 2383 945 2451 confugitis
958 2383 991 2434 ad
1004 2383 1101 2436 Deum

183 2450 259 2504 Coei.
272 2457 315 2504 27.
343 2459 387 2505 cst
409 2471 472 2521 ergo
493 2457 569 2507 mimi
590 2455 683 2512 cuitus,
708 2467 760 2503 nou
783 2451 898 2503 fabulae.
919 2469 944 2503 u.
966 2451 1100 2505 Clausala.

185 2520 200 2553 *
213 2521 417 2585 iiiiosormaiae
432 2524 522 2586 piures
535 2525 563 2573 de
584 2522 656 2573 mato
669 2526 714 2570 aut
725 2518 872 2636 difficultate
890 2520 1063 2586 insuperabili
1078 2528 1103 2573 et

183 2588 363 2652 incaptieaoiii
376 2596 398 2639 et
411 2596 509 2640 contro.
546 2589 626 2641 Dom.
637 2594 679 2639 47.
707 2601 740 2636 na
755 2587 809 2638 tum
831 2586 944 2637 fortunis
956 2593 1102 2641 communi·

184 2658 233 2707 bus
246 2657 346 2706 eadum
359 2656 511 2722 reperietis.
550 2652 628 2709 Verr.
638 2657 678 2708 iii.
691 2657 733 2705 82.
753 2654 852 2705 eeitum
864 2658 894 2705 et
907 2656 1038 2707 rationem
1055 2658 1101 2710 de·

161 2774 167 2781 ,
184 2724 310 2776 tensionis
331 2725 460 2777 invenire.
491 2725 554 2778 Div.
574 2726 602 2778 ii.
615 2729 659 2777 24.
686 2734 813 2790 responsa
830 2720 931 2775 nullum
944 2725 1042 2774 auitum
1056 2728 1102 2777 ha-

183 2795 269 2847 buere
283 2810 289 2850 ;
310 2793 328 2844 i.
338 2809 363 2844 e.
376 2795 417 2845 nii
428 2795 521 2846 accidit
533 2812 563 2846 en
575 2809 707 2859 responso.
752 2792 799 2844 Or.
813 2796 857 2843 33.
888 2803 938 2844 nec
959 2802 1034 2845 recte
1048 2793 1101 2846 dis·

182 2862 246 2919 seri,
260 2877 310 2914 nec
324 2878 438 2930 unquam
451 2863 484 2914 ad
493 2863 593 2915 coitum
606 2862 742 2930 perveniri
751 2866 851 2928 potest,
861 2878 895 2912 se.
907 2862 1098 2928 disputationis.

183 2930 250 2984 Nat.
264 2930 298 2981 D.
312 2934 331 2984 i.
340 2935 382 2983 37.
397 2934 466 2984 male
476 2933 602 2986 instituta
610 2931 681 2984 ratio
693 2932 791 2981 exitum
803 2931 920 2996 reperire
932 2947 983 2982 non
997 2936 1098 2998 potest.

183 3002 246 3053 An.
260 3001 296 3053 xi.
309 3004 349 3052 ta.
370 3001 451 3059 natet
470 3004 581 3054 aliorum
594 3001 714 3054 omnium
732 3000 801 3053 ratio
821 3001 929 3051 eriam.
943 3000 1008 3052 ibid.
1020 3000 1058 3052 ix.
1071 3003 1097 3052 i.

182 3071 248 3139 quid
261 3071 315 3130 iila,
328 3068 388 3121 mc
408 3069 450 3121 ΜΙ
472 3070 593 3129 TULLI,
607 3086 687 3138 quem
699 3070 827 3122 traiciunt
842 3069 950 3121 coitum.
964 3069 999 3120 iii.
1013 3085 1039 3120 x.
1056 3072 1097 3121 14.

183 3140 219 3193 oi.
231 3144 286 3193 xiv.
303 3144 325 3191 1.
338 3140 551 3192 eaitumconsitii
566 3140 696 3192 iuvenire.
709 3145 755 3190 etc.
770 3137 826 3190 ior.
840 3139 868 3190 ii.
882 3142 925 3190 40.
939 3141 966 3190 in
976 3139 1035 3207 lege
1045 3143 1097 3200 est,

142 3262 144 3267 ,
183 3210 205 3260 si
215 3210 345 3262 meretrix
357 3214 447 3278 gestet
461 3225 569 3262 auream
583 3224 717 3267 eoronam,
730 3209 840 3275 publica
851 3212 920 3261 esto.
947 3208 979 3261 Si
988 3208 1098 3276 publica

182 3276 299 3344 refertur
310 3279 342 3329 ad
353 3294 487 3335 coronam,
497 3279 536 3330 ter
548 3275 765 3342 coitumfaeiiem
776 3279 859 3336 habet,
873 3278 915 3329 sin
926 3278 960 3329 od
971 3276 1098 3328 meretri·

182 3362 253 3406 cem,
266 3347 368 3398 nattum
380 3349 462 3407 habet,
474 3348 490 3398 i.
501 3348 595 3413 efieri
606 3362 660 3397 non
670 3352 759 3410 potest,
768 3348 835 3412 quod
845 3353 881 3397 est
893 3346 923 3397 in
935 3348 997 3411 iege.
1018 3345 1096 3397 Verr.

184 3430 211 3466 v.
221 3417 245 3465 6.
266 3414 387 3480 perditae
400 3420 527 3469 civitates
537 3418 583 3469 hos
596 3418 682 3469 solent
695 3415 778 3466 eram
795 3417 912 3467 habere:
931 3417 958 3467 Ιι.
971 3432 993 3466 e.
1004 3415 1044 3466 iris
1056 3430 1097 3466 re·

180 3486 230 3535 true
240 3485 327 3548 perire
346 3487 434 3546 solem,
457 3490 519 3540 tace
538 3486 568 3538 in
588 3484 734 3539 ciuitatibus
743 3484 853 3551 perditis
864 3485 945 3537 sotem
954 3482 1033 3550 fieri,
1046 3497 1096 3550 9¹10

222 3568 331 3625 runax,
349 3573 420 3615 roo.
441 3576 464 3616 ι.-
663 3557 700 3612 la
