2567 4209
195 318 256 377 tat
586 309 704 363 runca

191 484 269 536 posse
282 466 394 518 dissolui.
431 465 470 518 At
482 482 562 534 qnam
572 465 671 519 festive
682 466 840 520 dissolvitur.
862 466 879 500 *
890 466 990 520 tollere.
998 466 1116 529 Caecili.

193 543 234 589 14.
255 539 432 604 periculosum
442 541 493 593 est,
506 537 610 588 dissolui
621 538 672 587 hoe
682 537 866 590 interdictum.

196 640 200 646 -
226 607 391 665 Dissoncnn,
411 605 712 673 opponiturrpsevere.
745 606 814 657 Plril.
829 612 865 661 vi.
881 612 905 659 1.
932 607 1053 659 dissolute
1069 623 1113 661 res

191 675 324 728 coniecta.
344 674 426 731 adu.
438 673 482 725 Fr.
496 674 524 726 ii.
541 679 578 727 l‘d
607 676 728 726 dissolute
745 675 878 743 judicare.
905 676 940 728 cs.
954 675 1032 729 Verr.
1047 694 1073 729 v.
1087 681 1113 729 8.

189 743 208 778 '¹‘
220 747 267 796 Or.
280 747 323 796 39.
342 744 461 795 dissolute
473 743 599 796 dicuntur
619 745 715 812 plura:
734 747 761 797 le.
774 762 796 798 e.
812 746 904 797 demtis
924 746 1113 812 conjunctioni·

191 814 247 873 lus,
259 819 289 864 ut
300 815 354 878 ipse
367 813 563 878 interpretatur.

226 882 402 940 Dissoncmo,
421 878 574 950 carpuneto
592 882 702 935 Cluent.
717 887 741 935 1.
761 883 894 935 dissolutio
912 884 1062 936 criminum.
1076 885 1113 938 cl.

192 950 293 1005 Periit.
308 956 349 1003 17.
369 951 384 982 *
396 951 527 1004 interitus.
572 952 651 1004 Verr.
666 955 702 1004 ir.
715 955 758 1004 tu.
785 953 920 1005 dissolutio
939 953 1114 1020 judiciorum.

189 1021 215 1074 F
217 1024 252 1073 in.
266 1037 292 1072 v.
309 1024 348 1072 11.
367 1020 501 1073 dissolutio
512 1028 634 1075 naturae.
649 1021 714 1073 ibid.
729 1022 757 1073 ii.
767 1025 809 1074 31.
829 1038 929 1090 quaero
941 1028 1034 1075 autem
1046 1022 1112 1092 quid

191 1093 237 1149 sit,
248 1089 318 1158 quod
330 1105 391 1141 cum
403 1090 578 1150 dissolsdione,
592 1091 683 1149 idest,
697 1095 794 1151 morte,
807 1107 897 1143 sensus
910 1093 995 1143 omnis
1011 1094 1115 1145 exstin-

190 1165 297 1230 guatur.
317 1159 451 1210 *nubum
463 1160 633 1211 rhetoricum.
670 1159 769 1213 Partit.
779 1163 805 1211 6.
832 1164 999 1214 constructio
1019 1162 1116 1215 verbo·

190 1245 252 1283 rum
263 1227 474 1279 dissolutionibus
486 1229 632 1290 relaxetur,
647 1232 665 1282 i.
675 1244 700 1280 e.
710 1229 767 1294 fiet
776 1245 826 1297 per
836 1233 954 1282 numm
966 1237 990 1282 et
1002 1231 1057 1282 siue
1066 1247 1114 1297 pe·

190 1299 284 1351 riodis.

226 1366 404 1425 Drosonurcs,
422 1364 505 1417 nimis
516 1366 659 1430 negligens,
670 1367 813 1433 opponitur
823 1383 910 1420 seuero
921 1373 946 1420 et
951 1367 1033 1433 justo.
1063 1366 1115 1421 Ca·

191 1437 307 1490 11112.
337 1434 475 1486 dissolutus
499 1437 526 1487 in
543 1437 613 1501 reip'.
626 1438 763 1503 perieulis.
808 1436 887 1490 Verr.
901 1453 928 1488 r.
941 1441 967 1489 3.
986 1439 1115 1492 maluisse

190 1504 343 1558 Domitium
353 1505 491 1557 crudelem
504 1505 532 1557 in
544 1505 792 1563 animadvertendo.
803 1522 884 1574 quam
901 1509 929 1559 in
941 1509 1117 1574 praetermit-

189 1575 276 1628 tendo
288 1575 444 1625 dissolutum
464 1574 560 1627 videri.
574 1576 640 1638 ibid.
655 1576 695 1627 iii.
708 1578 750 1627 ot.
765 1576 897 1645 judicium
918 1576 1072 1628 dissolutum
1083 1593 1116 1630 ac

191 1644 339 1713 perditum.
358 1643 374 1676 *
386 1644 527 1710 opponitur
538 1658 679 1697 numeroso
688 1664 706 1695 .··
715 1645 792 1697 Orat.
806 1648 848 1696 ot.
867 1645 968 1698 Polme
979 1646 1058 1698 nimis
1070 1652 1115 1700 est

191 1717 325 1772 vinctum,
342 1716 374 1766 ut
395 1712 430 1765 de
450 1713 696 1766 industriaiactum
719 1720 867 1781 appareat:
886 1717 1003 1767 alterum
1016 1714 1115 1785 (sermo

189 1782 277 1854 uulgi)
286 1783 364 1835 trimis
375 1782 537 1843 dissolutum,
550 1787 581 1834 ut
600 1789 777 1852 pervagatum
797 1800 829 1835 ac
849 1786 894 1835 vul
979 1784 1114 1838 videatur.

193 1851 286 1905 *item
297 1858 372 1920 apto.
392 1852 528 1904 011135.
558 1868 609 1904 nec
622 1854 796 1905 histrionibus
808 1868 892 1905 conce
911 1853 1018 1913 endum,
1031 1860 1062 1907 ut
1080 1856 1116 1909 iis

191 1923 260 1976 haec
272 1927 338 1990 apta
349 1925 412 1979 sini,
425 1921 501 1974 nobis
513 1921 646 1973 dissoluta.
665 1921 681 1955 *
693 1924 724 1973 in
734 1939 762 1973 re
766 1920 910 1989 familiari
921 1924 1063 1988 opponitur
1074 1929 1115 1975 ct·

191 1998 270 2046 tento.
307 1992 403 2047 Quint.
416 1993 455 2041 ll.
474 1993 601 2059 quietam
612 1992 750 2043 dissolutus
774 1995 800 2043 in
821 2008 850 2044 re
870 1992 996 2044 familiari
1009 1993 1114 2055 inisset,

191 2063 251 2132 quis
264 2066 321 2112 tam
331 2060 476 2127 negligens.
486 2059 550 2110 idid.
561 2062 602 2111 ltl.
622 2061 681 2128 quis
690 2066 747 2112 tam
757 2060 878 2127 perditus
891 2078 922 2114 ac
934 2061 1056 2128 profusus
1068 2077 1117 2115 ne·

192 2146 241 2199 pos
254 2132 293 2181 sic
304 2129 441 2180 dissolutus
454 2127 559 2179 luisset.
579 2127 765 2183 *dissolutum
778 2131 857 2181 etium
868 2131 973 2191 dicitur,
983 2132 1051 2196 quod
1061 2146 1120 2183 non

193 2194 471 2264 estodartissoomom
482 2196 624 2247 redactum.
662 2197 710 2249 Or.
724 2201 742 2249 i.
755 2201 798 2249 42.
817 2200 938 2252 adhibita
958 2205 1002 2251 est
1020 2216 1118 2261 ara·-

192 2283 263 2340 quae
276 2281 333 2318 rem
346 2265 500 2317 dissolutum
511 2266 699 2333 divulsamque
711 2267 919 2336 conglutinaret.
929 2274 985 2321 etc.

227 2336 374 2389 Drssnaas.
410 2333 486 2385 Offic.
500 2336 517 2385 i.
528 2337 570 2386 3³.
590 2337 735 2395 amicitias,
751 2353 819 2404 qrrae
833 2339 919 2389 minus
931 2336 1074 2390 delectent
1085 2341 1118 2390 et

192 2407 280 2459 minus
293 2405 449 2472 probentur,
463 2405 545 2472 magis
565 2403 664 2456 decere
685 2413 797 2458 censent
816 2409 953 2473 sapientes
973 2408 1117 2475 paullatim

192 2475 315 2532 dissuere,
329 2488 408 2541 quarn
422 2478 536 2538 repente
550 2474 718 2540 praecidere.

228 2543 396 2604 Drsrsuma,
421 2542 566 2593 diversitos.
611 2543 688 2595 Lael.
709 2546 752 2595 20.
784 2560 889 2596 morum
914 2545 1118 2613 studiorumque

191 2613 326 2669 distentio.

228 2682 395 2735 Discrucrr.
430 2678 513 2733 'lusa
524 2682 552 2732 ii.
565 2682 591 2732 3.
617 2681 735 2734 distinete
757 2684 876 2734 scribere
890 2702 896 2734 ε
915 2685 942 2735 li.
956 2701 977 2735 e.
991 2683 1118 2748 ambigua

193 2751 383 2816 distinguendo.

228 2820 407 2878 Discruc'sro,
426 2824 542 2870 ornans
579 2818 627 2871 Or.
640 2821 670 2871 ii.
683 2822 726 2872 911.
746 2820 878 2872 distinctio
890 2825 1013 2874 oratoris.

228 2887 408 2941 Drsrrncrcs.
426 2952 429 2957 Ι
444 2886 535 2940 Flacc.
551 2890 590 2940 12.
604 2892 745 2955 provincia
757 2893 886 2956 portubus
899 2892 1029 2942 distinclc.
1066 2889 1116 2943 Or.

193 2959 290 3012 11125.
309 2957 476 3016 distinctum,
490 2958 632 3023 opponitur
646 2959 680 3018 ei,
693 2961 761 3023 quod
780 2966 816 3011 est
836 2958 927 3012 insum
945 2960 1118 3025 mpucoiliter

189 3043 356 3097 peromnem
367 3026 521 3078 orationem.

227 3095 378 3149 Dtsnmaur
397 3095 470 3147 bello
481 3094 553 3147 Phil.
565 3097 638 3147 1112.
674 3093 724 3146 Sed
731 3096 770 3148 tot
780 3098 885 3149 onnon
893 3098 967 3150 tuit.
979 3098 1118 3149 veterrimi

191 3168 288 3219 moon
298 3164 425 3225 detineri,
439 3165 506 3230 quod
516 3165 612 3216 rectius
623 3171 669 3217 est.
688 3170 718 3216 ut
726 3166 796 3218 Phil.
806 3168 853 3220 xii.
864 3170 905 3219 12.
925 3183 978 3235 pax
990 3167 1117 3219 distineri

190 3242 259 3289 recte
270 3235 385 3287 dieitur.-
405 3232 517 3299 utupud
534 3232 645 3286 Idolum
664 3233 696 3285 ii.
711 3238 751 3286 15.
773 3236 819 3288 nli
838 3234 958 3302 defendit.
975 3236 1115 3288 Drclnnd

192 3303 296 3370 Nempe
306 3318 359 3369 pcc
371 3303 431 3364 coit,
443 3302 569 3361 conuenit,
582 3319 645 3367 ergo
657 3303 803 3364 distinetur,
816 3322 878 3357 cum
888 3305 1045 3373 impeditur.

191 3372 429 3496 ἃςΠιετυωιῐειιιι,
443 3386 546 3424 οπωνι.
557 3370 656 3424 Periit.
664 3373 707 3424 13.
720 3378 984 3443 argumentationem
995 3374 1118 3432 dilucide
1129 3397 1133 3404 ·

232 3442 360 3506 tinguere.

132 3523 135 3530 ’
200 3537 202 3541 ·
226 3510 409 3569 Drscuacrro,
434 3511 575 3575 opponitur
586 3512 776 3577 conjunctioni,
793 3514 942 3566 amicitiae.
979 3513 1055 3568 oute.
1071 3515 1114 3576 itt,

191 3578 219 3631 θ.
236 3595 299 3635 cum
311 3579 433 3648 tyrannis
444 3594 547 3635 minata
559 3579 694 3633 distractio
706 3587 758 3634 est.
