2567 4209
188 313 228 375 gg
583 304 702 358 l'NDliX

184 470 330 534 ponantur.
342 481 367 516 o.
377 459 491 515 6444444.
503 460 533 512 do
544 460 614 514 mod.
632 461 747 513 Uenno
762 461 804 512 10.
820 473 850 525 p.
863 460 924 512 419.
937 456 972 527 ai.
985 459 1112 526 inprimis

186 534 293 590 Manat.
306 532 402 585 adCis.
416 547 474 599 epp.
487 531 521 582 ad
532 529 634 599 Qasr.
646 533 666 582 4.
679 546 702 582 4.

221 604 385 657 Coraesrss.
421 601 494 653 Phil.
506 617 533 652 r.
549 606 590 653 ll.
610 602 727 669 legiones
738 600 846 654 divinae
856 603 887 651 et
897 599 1032 655 ooelertnt
1048 613 1113 665 4444

186 691 244 728 rem
257 674 354 740 optime
366 679 391 724 et
402 687 415 722 e
428 671 562 737 republica
578 677 723 735 gesserant.
736 686 761 721 o.
775 668 871 721 Heios.
884 669 918 720 ad
940 668 971 720 V
967 669 1009 720 444.
1022 669 1053 720 44.
1066 670 1111 721 24.

186 748 213 797 3.
233 744 278 809 qai
290 759 302 794 4
314 741 445 794 4444444444
456 740 570 792 44444444
590 739 720 791 Verrinas
738 754 790 805 pro
801 738 973 804 Pnntppica.

223 814 354 865 Coenon.
390 810 495 862 Attii.
507 811 533 860 9.
548 811 589 860 19.
601 812 645 861 20.
659 810 687 861 in
699 811 768 861 coelo
786 825 855 861 esse.
874 812 901 861 h.
914 824 940 860 e.
952 808 1113 859 amoeno

188 883 302 937 4444444.
323 880 388 934 ibid.
413 882 468 932 xvi.
487 881 513 929 6.
540 880 682 931 iaaoelam
702 879 777 932 ferri.
808 877 874 932 ibid.
887 878 916 929 ii.
939 882 962 927 1.
982 876 1110 944 digitose

186 955 288 1006 eoelom
300 956 399 1019 putant
410 951 564 1017 attingere:
584 951 611 1000 h.
621 965 647 1001 e.
660 965 686 1000 44
694 948 855 1001 maasiam
860 953 964 1014 patant.
995 946 1066 999 Post.
1080 949 1110 999 ii.

187 1026 230 1076 42.
243 1023 278 1075 do
290 1022 359 1072 44444
367 1019 511 1071 detraxisti
525 1018 658 1087 collegam
668 1038 675 1069 z
684 1016 787 1085 fecisti,
800 1024 829 1068 nt
837 1023 900 1068 esset
910 1016 1048 1069 4444444444
1059 1018 1111 1079 sai,

186 1099 216 1143 at
226 1090 317 1158 paullo
327 1095 385 1154 post
397 1088 468 1148 dicit,
478 1087 589 1153 4444444
602 1089 706 1140 landem
715 1094 822 1154 portam
833 1086 974 1137 amitteret.
988 1085 1053 1138 ibid.
1067 1093 1110 1140 44.

205 1162 271 1213 lotia
290 1174 360 1227 quae
383 1158 429 1210 vix
448 1158 517 1209 44444
540 1160 602 1224 copi
627 1173 705 1224 posse
730 1157 873 1209 rideatur:
902 1156 921 1207 i.
933 1172 959 1208 e.
972 1157 1111 1211 immensa.

215 1234 253 1281 at.
267 1228 301 1281 D.
315 1229 344 1279 ii.
357 1229 400 1278 24.
419 1230 448 1279 in
460 1227 560 1280 4444444
573 1228 672 1279 tollere
687 1247 693 1278 :
709 1242 761 1293 pro
772 1241 933 1278 eonseorore.
952 1225 968 1258 *
978 1240 1030 1291 pra
1041 1234 1110 1280 4444.

186 1298 273 1352 dead.
298 1300 334 1349 ir.
353 1298 397 1348 26.
417 1295 512 1349 eodem
536 1297 614 1348 44444.
651 1296 755 1362 Nempe
779 1295 850 1346 aare
869 1295 910 1347 444
928 1295 960 1346 in
972 1293 1112 1362 swsdeodo

185 1384 253 1428 aare,
266 1374 296 1419 nt
308 1381 398 1431 apaae.
435 1363 511 1416 Plin.
525 1365 614 1417 44444.
624 1368 651 1417 9.
661 1361 1007 1430 aesomnesrigoremagno
1017 1367 1112 1419 melias

177 1435 316 1506 ι4444444444.
343 1434 428 1486 *Dia
443 1435 461 1485 i.
472 1437 514 1485 43.
539 1436 639 1487 4444444
662 1435 824 1488 discessisse.
853 1433 918 1487 ibid.
940 1434 969 1486 ii.
988 1437 1032 1487 23.
1046 1437 1112 1490 coeli

184 1505 325 1560 discessus.
362 1503 449 1555 Genus
473 1504 574 1556 4444444.
611 1504 707 1557 Etiam
729 1505 759 1557 in
782 1504 863 1555 444444
881 1502 957 1555 liora
976 1511 1014 1555 ost
1028 1524 1112 1575 sogam

184 1595 236 1643 orep
255 1577 327 1628 44444
339 1574 440 1625 Motth.
450 1574 490 1625 iit.
502 1576 545 1625 26.
559 1574 689 1641 σχιζομηει
700 1593 780 1646 angero
793 1573 878 1625 Mare.
892 1574 911 1624 i.
927 1576 967 1624 10.
977 1579 1032 1625 eto.
1052 1574 1112 1626 Pro

186 1659 216 1696 44
267 1644 302 1696 44.
324 1644 430 1695 44441.
461 1643 566 1695 coelom
591 1640 663 1692 lindi.
682 1658 707 1693 4.
717 1641 795 1693 Ptin.
808 1642 839 1693 44.
860 1644 904 1693 26.
924 1649 949 1694 et
971 1642 1109 1696 toiHora.

185 1705 282 1766 Heins.
294 1713 328 1765 al
338 1712 415 1765 Ooid.
430 1712 502 1764 Fast.
515 1713 558 1763 iii.
572 1714 632 1762 311.

221 1781 364 1834 Corneto.
401 1781 492 1834 Flaoo.
508 1785 552 1833 34.
571 1780 619 1832 04.
637 1781 656 1831 1.
669 1781 711 1831 46.
731 1779 802 1833 Mur.
817 1782 859 1833 12.
874 1796 959 1846 genae
975 1782 1112 1836 matrimo-

186 1851 230 1905 nii
241 1852 358 1912 imnodi,
378 1868 400 1904 4.
413 1852 490 1912 ritas,
503 1866 553 1917 qao
566 1850 597 1902 in
607 1850 663 1902 oiri
673 1865 767 1901 manos
777 1848 901 1917 ι44444444
919 1853 1110 1913 44444444ιό444,

186 1922 217 1974 de
229 1923 376 1987 qoomolta
395 1922 535 1987 scriptores
553 1920 584 1972 do
604 1919 718 1985 nopats‚'
730 1918 884 1972 Briesooinr
900 1928 925 1973 et
946 1922 1004 1973 olii.
1041 1919 1114 1975 44444

186 1998 288 2043 sertam
307 1998 352 2052 est,
366 1991 507 2043 emtionem
518 1989 651 2055 qnondam
661 1989 854 2053 insagioariam
871 1990 901 2041 io
912 1991 960 2042 444
971 1992 1112 2044 4444444444

186 2061 365 2120 intermnisso,
391 2060 476 2124 qsealis
499 2066 587 2110 ortem
596 2055 696 2122 suerit,
722 2063 746 2108 et
766 2058 993 2123 qaiiasoerbiset
1015 2060 1111 2114 mian

184 2135 292 2196 peraeto
308 2129 350 2182 sit.
363 2128 491 2179 nonsatis
503 2133 573 2178 serto
590 2131 699 2177 constat.
735 2124 877 2178 Formolas
887 2130 1029 2181 amimam
1040 2130 1071 2182 44
1080 2144 1112 2182 ea

186 2214 216 2250 re
227 2197 336 2248 usitatos
348 2212 380 2247 44
396 2195 507 2261 Ulpiani
521 2194 651 2246 institutis
663 2194 707 2245 dat
725 2193 851 2248 Boethius
867 2194 934 2263 Tap.
947 2214 972 2249 4.
985 2202 1012 2251 3.
1039 2198 1111 2252 *Aa

187 2268 236 2322 1444
256 2272 343 2317 atatem
362 2265 503 2317 4444444444
521 2264 599 2330 plane
620 2263 723 2315 diverso
734 2271 770 2316 est
782 2280 820 2325 ea,
832 2266 863 2316 de
875 2282 928 2331 qaa
949 2268 1055 2322 Mosen.
1070 2272 1111 2322 12.

187 2350 264 2389 senes
277 2335 310 2386 ad
323 2334 477 2386 coemtiones
495 2332 638 2385 iaciendas.
676 2332 736 2385 §loo
748 2335 818 2385 enim
829 2350 912 2399 genos
931 2344 1114 2404 conparatum

188 2411 245 2457 erat
262 2406 296 2455 ad
315 2418 390 2454 sorta
410 2403 635 2462 interimendam
655 2401 747 2454 Cicero
759 2404 807 2455 ait.
843 2403 956 2471 Nempe,
968 2407 1113 2473 atprimar'

187 2489 246 2527 aere
258 2473 443 2526 demonstrarit
453 2471 481 2524 J.
495 2472 543 2524 Fir.
557 2471 713 2533 Gronovius,
726 2474 808 2533 neree,
821 2475 867 2539 ani
878 2476 1045 2528 hereditatem
1056 2479 1114 2530 sios

188 2544 271 2597 ratris
293 2545 385 2597 444444
407 2543 607 2609 capicitatem
626 2543 749 2594 vendebat
768 2545 824 2596 seni
840 2560 890 2610 per
909 2560 951 2596 aes
962 2547 987 2596 44
1005 2546 1112 2608 laram,

188 2614 333 2666 venditione
346 2612 520 2677 imaginaria.
557 2611 684 2664 Honores
700 2614 767 2664 nana
784 2614 840 2665 aim
850 2615 966 2673 4444444,
978 2623 1008 2667 ot
1020 2617 1114 2682 mont·

188 2697 234 2738 om
253 2699 329 2735 senen
348 2685 416 2734 4444
436 2683 548 2742 haberet,
561 2696 615 2733 non
626 2688 657 2733 ot
669 2683 846 2743 hereditatem,
859 2684 943 2736 sedat
953 2692 1031 2745 emta.
1045 2688 1125 2739 4444.

189 2769 220 2806 44
245 2753 328 2806 libera
350 2753 432 2803 sacris
454 2757 545 2803 essent.
597 2750 633 2803 Ut
656 2758 743 2804 444444
766 2753 880 2804 redderet
908 2770 985 2807 44444
1007 2755 1113 2807 domino

188 2818 438 2887 hereditatemsoota
450 2822 570 2878 emtione,
578 2821 747 2887 stipulatione
759 2825 903 2875 4444444444.
923 2841 948 2876 o.
960 2828 1022 2877 leaeo
1033 2826 1113 2877 latias

189 2893 364 2959 disputantem
376 2889 491 2942 Gronov.
505 2891 533 2942 de
546 2889 610 2942 Sest.
624 2892 660 2942 44.
675 2896 700 2942 7.
736 2891 804 2943 Care
816 2898 903 2943 autem
913 2896 959 2945 444
971 2910 1041 2946 senes
1053 2910 1114 2947 cao·

180 2960 284 3031 senaar
291 2976 351 3013 oom
358 2959 461 3012 4444444
469 2960 720 3020 44444444444644,44
727 2976 799 3025 saepe
807 2961 950 3012 doctissimi
956 2961 1112 3028 oirifeoere.

224 3031 448 3083 Caesariensem.
474 3028 507 3080 ad
530 3029 591 3082 niv.
605 3031 653 3081 vii.
666 3032 708 3081 29.
736 3045 813 3082 senes
837 3030 1026 3089 coimts’onales,
1051 3040 1114 3084 son

189 3102 266 3161 44444,
281 3100 327 3168 qai
338 3099 438 3164 singoli
447 3106 557 3165 propter
567 3103 722 3151 renodatam
729 3099 846 3163 pretinm
854 3098 958 3150 nnllam
966 3100 1112 3163 inveniant,
1175 3151 1181 3168 ,

185 3171 275 3239 puncti
286 3176 373 3220 oatem
385 3169 492 3234 aliquot,
505 3176 535 3220 at
546 3168 632 3220 doonit
645 3166 760 3219 Gronov.
772 3167 802 3217 de
814 3165 919 3219 6444444.
932 3170 968 3221 io.
981 3170 1006 3220 9.

226 3240 428 3292 0444444444.
459 3243 577 3302 estpars
597 3237 678 3287 altior
696 3235 796 3287 444444.
816 3234 865 3287 Gr.
877 3238 977 3307 mageo.
1061 3241 1112 3292 .ii.

191 3312 235 3362 34.
257 3309 343 3361 Romo
362 3306 505 3359 comatulis
525 3317 653 3373 suspensa
672 3309 755 3373 atque
776 3306 904 3357 sableta:
923 3295 963 3357 Es
974 3307 999 3358 44
1045 3310 1113 3363 nahe

191 3379 312 3431 Hoeoser
326 3393 373 3428 oon
394 3377 475 3429 444444
494 3373 599 3439 Etagen
609 3373 748 3426 darimten.
760 3375 813 3426 oid.
835 3373 954 3427 244444.
966 3379 1038 3431 4444.
1051 3380 1070 3429 4.
1083 3380 1114 3432 io

192 3449 233 3500 iis
245 3443 461 3513 habitabantsere
472 3458 616 3509 pauperes:
633 3443 700 3494 node
706 3443 782 3510 J'oem
789 3445 859 3510 epod
869 3443 962 3497 Plaot.
973 3446 1111 3513 Amphitr.

189 3517 235 3568 iii.
250 3521 273 3567 1.
283 3519 309 3567 3.
326 3517 373 3566 aii
384 3513 478 3568 histrio
489 3511 713 3635 Jmnpmsmam
725 3514 870 3566 motinense
889 3515 916 3566 ia
926 3519 1057 3583 superiori
1066 3521 1112 3585 qul

191 3584 285 3640 habito
297 3585 441 3637 44444.
460 3569 516 3636 aot.
528 3599 553 3635 4.
582 3588 631 3636 no.
653 3589 678 3634 4
696 3581 856 3637 onena.
884 3584 1042 3639 *amerus
1060 3602 1114 3640 44
