2567 4209
43 4 373 151 Ἴ,

462 342 718 400 hartmann.
796 373 799 378 -
1002 340 1069 408 263

183 500 325 559 11111111.
360 499 439 557 Orat.
452 503 496 554 211.
515 502 608 569 implet
620 515 718 558 aureus
737 497 766 551 de
776 496 884 564 periodo
895 509 1035 551 nummoca
1046 503 1073 550 ct·

145 572 233 641 judan
246 571 448 637 magnitudinis.
467 571 483 605 *
495 587 555 625 cum
564 571 690 636 genitivo,
703 585 775 621 marc
791 582 885 632 gruem
904 565 983 620 Verr.
996 569 1016 620 i.
1029 570 1072 621 tu

150 644 251 696 multos
263 642 370 695 codices
382 641 501 708 implavit
513 656 605 692 aarum
616 655 717 691 rerum.

186 712 354 771 lurnrrnnr,
373 710 528 769 immiscere.
541 711 639 765 indere.
675 708 738 761 Dia.
752 710 770 760 i.
783 709 827 759 ³6.
862 704 907 760 Dii
920 708 977 758 vim
996 716 1072 759 suum

151 782 289 834 hominum
302 783 405 833 naturis
417 780 564 847 implicant.

186 850 367 905 lunarearrc.
405 849 537 903 8111146.
564 848 710 914 implicatio
733 846 774 899 rei
800 844 947 904 familiaris,
969 851 1007 897 ert
1029 861 1072 899 om

151 919 278 973 alienum.
314 919 496 972 *11161132
524 919 671 984 implicatio
692 919 809 969 iocorum
830 918 1012 968 communium
1029 921 1074 977 ccl,

151 1004 211 1042 mam
222 990 253 1040 in
264 989 495 1041 demonstrationes
507 989 660 1040 inseruntur
672 987 784 1039 nutandi
793 992 816 1036 ct
828 984 979 1039 sunta-mu·
986 1000 1073 1037 ecura.

188 1058 369 1116 luenrcnrus,
388 1057 546 1123 conjunctus.
564 1055 597 1109 ad
611 1055 668 1108 [liv.
686 1058 723 1108 vi.
739 1058 779 1107 12.
798 1054 885 1107 habeo
896 1070 942 1106 eos
954 1055 1077 1119 implica·

152 1126 407 1179 tocconsuetudine.
430 1127 520 1179 Valin.
536 1131 559 1177 1.
586 1126 766 1178 inconstantia
790 1125 906 1192 perjurio
929 1125 1075 1190 implicata.

152 1196 205 1251 Off.
219 1198 238 1248 i.
247 1199 273 1248 6.
293 1197 332 1249 im
350 1197 428 1248 licata
441 1199 514 1251 inter
525 1212 554 1249 se
567 1200 639 1247 sunt.
652 1195 717 1247 coni
738 1193 806 1246 Phil.
821 1194 906 1245 1112.
926 1193 1075 1259 *difficilia

152 1267 286 1323 obscurus.
348 1270 401 1319 rat.
416 1267 455 1318 iii.
470 1271 511 1318 14.
541 1267 664 1334 reliquae
688 1270 749 1317 sunt
774 1278 894 1331 magnac,
916 1263 1076 1328 implicatae,

153 1336 320 1395 variamele.
340 1335 363 1386 F
365 1339 400 1388 in.
415 1338 453 1390 iii.
470 1341 493 1388 1.
520 1352 570 1390 nec
593 1338 619 1389 in
631 1334 764 1403 Torquati
788 1348 911 1385 sermone
923 1332 1078 1400 'quidquam

153 1406 322 1470 implicatum
334 1410 382 1457 aut
394 1411 545 1458 tortuosum
559 1405 620 1456 luit.
639 1404 772 1455 *insitus
793 1402 858 1470 leg.
872 1404 890 1452 i.
906 1406 946 1453 17.
965 1418 1034 1470 qnae
1048 1404 1079 1456 in

153 1477 227 1526 omni
240 1489 316 1525 sensu
330 1474 465 1540 implicata
477 1473 586 1527 insidet.
605 1473 621 1507 *
629 1473 709 1526 Verr.
723 1475 762 1525 iii.
775 1474 818 1524 36.
829 1472 998 1537 implicatum
1013 1472 1080 1540 iegi-

154 1544 205 1595 bus
219 1543 307 1594 terreri
322 1561 328 1591 :
359 1544 386 1594 11.
398 1559 424 1595 e.
437 1543 571 1608 impediri.
584 1541 652 1595 Har.
667 1543 700 1594 R.
714 1548 739 1594 t.
758 1542 963 1608 exspectatione
976 1542 1078 1609 suppli·

153 1612 192 1665 eii
205 1611 365 1679 implicatus.

192 1680 366 1733 lurnnvmn.
386 1678 465 1731 Verr.
479 1680 497 1731 1.
511 1681 554 1731 23.
585 1682 669 1749 signa.
682 1697 752 1749 qnae
773 1695 842 1733 nilne
862 1677 896 1730 ad
920 1678 1079 1743 impluvium

157 1755 234 1803 1111161
253 1753 336 1801 stant.
357 1748 421 1819 idid.
433 1750 476 1799 66.
502 1750 638 1802 columnus
657 1752 773 1819 singulas
791 1750 824 1801 ad
848 1748 1008 1814 impluvium
1019 1764 1082 1802 esse

157 1821 270 1878 locatas,
283 1822 339 1878 ete.
376 1816 427 1870 Eri
450 1818 519 1868 mour
543 1819 685 1871 subdivalis
709 1821 740 1872 in
762 1819 855 1872 mediis
871 1818 983 1878 acdilrm
1001 1815 1081 1887 (unde

157 1888 238 1940 Verr.
257 1889 275 1939 i.
292 1891 332 1938 19.
346 1894 369 1938 et
384 1889 428 1938 23.
448 1887 606 1953 impluvium
619 1896 642 1938 ct
664 1889 768 1942 mediae
780 1889 861 1942 aedes
870 1885 1081 1958 permutantur.)

158 1957 189 2009 in
201 1972 277 2021 quem
289 1971 357 2021 aquo
368 1956 397 2008 de
409 1956 481 2006 lectis
493 1955 619 2020 confiuit:
637 1955 687 2008 Gr.
700 1976 827 2022 proavum,
839 1958 885 2009 uti
904 1955 959 2009 Dii
975 1963 1083 2022 panorm

158 2026 309 2078 mutamur
324 2041 396 2077 more
409 2023 517 2084 Gracco,
531 2025 560 2076 dc
577 2040 627 2091 pua
638 2043 663 2077 v.
678 2028 707 2076 in
717 2025 776 2076 Lar.
814 2026 845 2078 Id
856 2044 915 2078 cum
927 2028 1084 2093 monerent

158 2095 313 2160 interpreter
324 2094 453 2154 Suetonii,
466 2095 534 2147 mire
550 2112 576 2147 se
588 2102 719 2148 terserunt
731 2096 761 2146 in
772 2099 925 2163 compluvia
942 2098 1084 2165 penatium

158 2165 189 2216 in
201 2165 270 2234 Aug.
283 2167 326 2217 92.
363 2165 536 2233 impluvium,
549 2183 580 2233 cp
592 2167 656 2218 lvcis
667 2166 752 2219 edatis
774 2174 853 2231 potet,
864 2170 954 2232 primo
972 2167 1086 2234 portici·

158 2235 204 2286 luc
216 2237 330 2287 cinctum
341 2232 431 2303 fuisso
444 2236 474 2288 in
492 2236 595 2289 oedilus
612 2238 779 2289 beatiorum:
797 2235 833 2303 rs.
850 2237 874 2289 V
876 2238 950 2302 irgil.
966 2238 1038 2290 Aen.
1051 2237 1085 2289 ii.

158 2307 218 2357 626.
232 2321 285 2371 spp.
298 2306 387 2358 deinde
400 2312 497 2358 statuar
509 2308 548 2357 ili
557 2308 656 2373 positos
668 2312 777 2359 ornatus
789 2323 875 2357 rausa.
894 2324 925 2358 cn⁴
938 2323 988 2373 puo
1000 2309 1086 2360 lucem

158 2376 228 2440 cupit
240 2376 309 2428 mous
322 2375 437 2436 Quintil.
446 2376 484 2427 ni.
493 2380 519 2428 2.
535 2379 651 2442 primum
667 2378 755 2433 locum
768 2378 891 2427 rrectilulo
904 2380 978 2443 quusi
1003 2379 1086 2445 assig-

159 2450 233 2503 nant,
247 2445 391 2496 secumdum
404 2445 483 2504 utria,
496 2451 554 2495 tum
570 2447 698 2509 impluvio
717 2447 818 2495 circum
831 2450 905 2502 eunt,
918 2461 969 2497 nec
981 2448 1086 2497 cuntor-

160 2513 192 2563 lis
203 2511 281 2564 inodo
289 2517 337 2562 aut
347 2513 455 2569 exedris,
463 2512 510 2561 sed
519 2514 700 2562 simulastiam
709 2512 894 2578 similibusque
903 2515 1085 2577 perordinem

160 2580 345 2631 committunt.
371 2580 474 2630 suaeuis
483 2579 552 2629 mini
560 2579 655 2631 acatius
663 2580 772 2635 videtur.
782 2594 860 2644 priam
869 2581 943 2630 lectio
955 2584 1057 2641 stratis,
1067 2597 1085 2634 a

161 2647 318 2699 Burmanno
331 2653 354 2698 et
367 2646 481 2698 Germano
501 2652 612 2712 recepta.
649 2648 762 2699 Statuae
774 2663 795 2697 s.
809 2647 883 2714 signa
895 2649 925 2698 in
945 2665 1088 2701 ornomm·

160 2717 195 2768 tir
207 2716 310 2768 aedium
322 2723 382 2768 sunt
394 2715 553 2767 eliamNat.
566 2715 693 2770 111137.
714 2715 792 2768 Verre
806 2717 824 2767 i.
840 2720 880 2767 19.
909 2717 1002 2781 Signo,
1015 2735 1085 2786 quae

160 2786 232 2852 apurd
245 2791 274 2838 te
287 2802 372 2853 nuper
388 2785 422 2836 ad
433 2800 521 2836 omncs
534 2788 676 2846 columnus,
686 2787 808 2838 omnibus
821 2790 905 2840 ctiam
918 2789 1087 2840 internodium«

161 2857 214 2908 niis
228 2857 255 2908 in
272 2857 340 2908 silva
357 2855 472 2922 deniqne
482 2855 612 2922 disposita
624 2859 673 2911 sub
685 2856 748 2908 divo
759 2856 882 2907 vidimus.
916 2857 1012 2908 Viden·
1030 2863 1086 2910 sta·

163 2932 222 2979 tuas
235 2927 444 2979 intercolumnas
464 2925 624 2990 porticuum,
634 2933 658 2978 et
670 2941 759 2993 aspra,
772 2942 788 2978 e
804 2925 880 2979 Verr.
895 2929 913 2978 i.
926 2930 970 2978 66.
983 2929 1086 2981 coium·

161 3012 208 3050 nas
221 2996 254 3048 ad
267 2996 427 3064 impluvium
438 2996 607 3047 memorari?

197 3065 360 3119 1111011111.
398 3065 476 3118 Prov.
493 3064 523 3118 C.
539 3068 580 3115 14.
611 3065 747 3131 impolitae
771 3081 814 3117 res
835 3069 864 3117 et
885 3067 1009 3118 acerbae.
1029 3067 1083 3119 vid.

162 3138 277 3188 acerbus.
296 3135 442 3188 *inscitus
479 3136 526 3186 Or.
537 3135 565 3186 ii.
579 3138 621 3187 31.
652 3151 732 3204 quiam
753 3136 858 3187 sithoc
877 3151 960 3203 genus
981 3151 1083 3198 eorum,

163 3207 207 3272 qui
221 3207 273 3259 sibi
285 3206 385 3259 eruditi
400 3205 534 3264 videntur,
548 3207 631 3257 hebes
642 3214 726 3273 atque
738 3206 896 3270 impolitum.

200 3273 358 3328 lueounnn.
377 3275 411 3328 ad
421 3276 483 3327 [liv.
493 3276 552 3327 viii.
570 3278 608 3327 17.
627 3275 673 3344 qni
687 3290 732 3326 me
745 3277 771 3326 in
784 3275 852 3327 hanc
871 3274 1007 3340 perditam
1019 3291 1084 3327 can·

164 3355 222 3392 sam
234 3343 368 3408 imposuit.
405 3345 538 3397 5611119.
557 3345 691 3410 imponere
712 3345 828 3412 plagam.
864 3345 925 3394 Au.
940 3346 958 3394 i.
975 3347 1014 3395 16.
1034 3345 1085 3396 im·

163 3423 260 3474 ponere
272 3414 372 3464 vulnus,
378 3416 446 3479 reip.
464 3413 575 3466 Caecin.
587 3415 631 3466 26.
645 3413 722 3465 fietus
736 3412 959 3465 testissuborndri
973 3414 1043 3464 solet
1054 3417 1086 3467 et

165 3477 269 3542 imponi
282 3479 364 3532 falsae
376 3483 495 3534 tabulae.
532 3482 677 3534 Lambinus
690 3490 714 3532 et
726 3480 909 3533 Hotomonnut
926 3481 989 3545 quia
1001 3483 1103 3547 impe-1.

165 3548 193 3599 ni
205 3561 259 3597 non
270 3550 467 3612 ecncopmdont.
480 3551 548 3615 quod
558 3564 646 3602 omnes
659 3550 723 3602 libri
733 3552 835 3607 nalem.
848 3551 982 3614 legebant:
1002 3552 1087 3602 inter·

161 3617 239 3685 poni.
274 3615 327 3669 Sed
345 3616 484 3684 imponere
496 3618 622 3671 mimum
641 3625 678 3671 cet
688 3616 892 3685 infraudiiuc:
909 3619 976 3671 ende
988 3621 1093 3689 impos-
