2567 4209
238 309 302 369 252
648 301 766 356 INDEX

1150 398 1159 421 Ι

236 461 331 518 decent.
343 463 481 526 propterea
492 457 578 510 studia
589 458 729 511 literam
739 458 905 524 appellantur
915 455 1022 509 nomine
1034 458 1154 511 humani·

237 530 307 582 tatis.
344 528 392 580 Or.
409 530 428 579 i.
445 530 486 579 16.
516 544 608 581 omues
631 527 804 581 humanitatis
827 530 928 593 partes.
949 527 1013 577 ibid.
1031 530 1057 578 9.
1076 545 1153 582 omae

237 614 319 670 genus
338 596 518 649 humanitatis.
538 597 601 649 ibid.
614 600 644 650 ii.
656 600 700 650 21.
719 597 830 663 politior
848 596 1007 649 teuneanitas.
1028 598 1092 648 iata
1116 601 1153 649 10.

237 671 313 736 inops
332 667 516 720 humanitatis.
537 667 572 718 oi.
594 666 699 720 Muren.
712 669 755 718 29.
782 666 865 717 Arcti.
877 669 900 716 1.
919 665 966 716 ubi
982 681 1007 716 u.
1020 665 1152 718 Passerut.

237 739 340 791 10102.
353 741 408 788 etc.
421 735 469 788 Or.
478 737 497 788 i.
508 738 550 788 60.
564 736 655 794 (2.111.
665 737 685 787 1.
700 741 722 786 1.
736 733 870 786 esinatis
886 734 1152 788 numanitaticautem

237 807 366 860 contineri
378 821 466 857 omnes
474 812 542 861 artes
554 806 681 865 litterales,
689 805 729 856 ret
741 804 868 870 inprimis
874 803 1077 869 philosophiam,
1090 804 1153 856 item

236 876 388 932 Mattesin3
407 890 468 926 cunr
486 875 544 936 ioci,
557 890 620 940 pum
637 875 681 927 tric
699 874 843 939 posuimus,
861 874 1046 934 demonstrant,
1064 880 1121 925 turn
1137 890 1155 925 a

236 947 310 1000 notu
322 945 525 1005 demonstratum
536 950 572 996 ert
583 944 614 996 in
622 943 791 1010 protanam:
809 942 844 997 de
856 943 950 994 tinibus
969 944 1153 996 humaniorum

237 1014 386 1068 studiorum
414 1013 547 1082 regundis,
568 1029 593 1064 a.
623 1016 697 1065 1738.
718 1012 796 1064 edita
843 1011 921 1062 *Sed
939 1012 1154 1076 peremadowdam

235 1084 339 1138 nomint
348 1083 491 1148 proprium
501 1089 537 1134 eet
549 1083 624 1155 scire,
637 1082 676 1134 ita
683 1082 763 1134 etiam
774 1081 800 1132 ei
812 1081 936 1146 quaedam
945 1079 1030 1146 efficia
1041 1083 1154 1148 propria

236 1160 304 1213 eunt,
313 1166 377 1218 puae
389 1153 453 1203 adeo
469 1159 603 1219 praestare
625 1151 687 1202 aliis
698 1152 776 1210 debet,
789 1155 814 1200 et
835 1150 898 1216 quia
917 1150 971 1215 ipse
983 1151 1061 1201 houm
1072 1158 1117 1211 ert,
1130 1158 1153 1203 et

236 1224 298 1289 quia
309 1222 346 1281 ii,
360 1221 452 1285 putem
463 1236 494 1272 ea
502 1226 625 1286 praestat,
638 1220 756 1273 homines
767 1225 835 1279 mett,
848 1220 957 1283 adeoque
969 1226 1079 1271 naturae
1090 1236 1153 1285 qua

234 1294 295 1345 dam
307 1290 411 1341 uinculo
422 1303 482 1339 cum
498 1304 527 1340 eo
542 1289 639 1355 juncti.
676 1288 711 1341 In
722 1303 773 1353 pua
789 1289 974 1340 obseruandum
985 1295 1029 1347 eet,
1042 1287 1153 1341 latinae

234 1367 286 1413 tres
298 1360 390 1410 habere
400 1358 499 1421 gradm
510 1357 586 1413 iniis
597 1359 682 1418 rebem,
695 1372 758 1423 quae
769 1358 830 1409 otiis
841 1359 967 1418 dammas,
982 1365 1014 1408 ut
1024 1366 1085 1410 sunt
1100 1365 1152 1411 trec

231 1428 329 1495 padue
341 1427 529 1492 conjunctionis
543 1428 613 1479 inter
623 1427 750 1480 inmunes.
786 1425 899 1479 Primus
907 1428 1006 1491 gratim
1019 1434 1056 1479 est
1068 1428 1151 1493 ipsius

233 1497 363 1551 naturalis
379 1496 576 1562 crepundiorum,
586 1512 650 1563 puae
662 1512 750 1548 omues
762 1496 879 1547 homines
890 1496 1071 1562 amplectitur.-
1088 1498 1152 1550 huia

233 1576 269 1621 est
287 1566 428 1634 proprium
447 1568 600 1618 uocabulum
619 1567 810 1618 humanitatis:
827 1566 907 1617 Alter
923 1565 1021 1629 gradus
1039 1572 1076 1618 eu
1096 1566 1152 1632 ejus

234 1636 423 1704 conjunctionis
442 1637 610 1697 arbitrariae,
631 1651 696 1701 puae
715 1641 752 1685 est
771 1636 841 1685 inter
859 1635 934 1696 ciues,
953 1636 1042 1694 socios,
1063 1638 1150 1697 uerbo,

233 1707 367 1771 aequales:
386 1705 446 1756 huic
466 1705 599 1772 respondet
618 1705 753 1758 officium:
783 1703 889 1756 Tertius
909 1705 1015 1769 gradus,
1028 1710 1065 1755 est
1080 1704 1152 1757 inter

230 1778 402 1840 magistratus
419 1781 442 1826 et
454 1775 528 1834 ciues,
539 1784 660 1841 parentes
670 1781 694 1826 et
707 1773 809 1833 icterus,
822 1771 1067 1840 coujugeusratrer,
1075 1776 1152 1826 iene-

223 1844 342 1913 sartores
354 1850 378 1895 et
389 1859 431 1897 eos
442 1845 488 1909 qui
507 1845 630 1911 beneficia
649 1858 774 1909 accepere,
787 1849 856 1894 ete.-
873 1844 935 1894 ttuie
951 1843 1093 1909 proprium
1112 1850 1151 1896 est

231 1916 344 1983 pietatis
364 1914 524 1965 uocabulum.
561 1913 651 1978 itaque
671 1928 744 1977 saepe
763 1913 913 1964 taiperto
924 1919 954 1964 ut
970 1911 1072 1964 diaeum
1083 1913 1151 1978 jun·

228 1990 338 2049 cuntur,
357 1983 400 2034 sed
420 1989 605 2048 permutantur
624 1988 712 2033 tamen
731 1981 810 2033 etiam
828 1982 968 2034 intendam.
986 1982 1100 2048 pietatis
1117 1987 1150 2036 et

230 2054 309 2106 officii
328 2053 403 2103 certa
421 2052 552 2103 interdum
564 2066 616 2102 uno
628 2050 831 2103 necessitudinis
843 2052 1016 2102 emttnentur.
1033 2067 1058 2105 u.
1068 2068 1093 2101 c.
1113 2051 1148 2105 ad

230 2121 292 2172 Div.
305 2136 332 2172 u.
345 2124 387 2171 34.
406 2119 577 2172 turrianitatir
588 2125 618 2170 et
630 2120 834 2175 necessitudinis
854 2135 934 2172 causa
947 2136 1040 2172 eorum
1053 2121 1148 2174 salutis

230 2192 362 2241 rationem
379 2190 527 2240 habuimus.
541 2188 603 2240 ibid.
616 2190 653 2241 xi.
667 2192 710 2240 28.
723 2190 757 2241 ab
768 2191 854 2241 officio
873 2195 929 2241 aut⁴
938 2191 972 2242 ab
983 2190 1148 2242 humanitate

229 2257 388 2309 desciscere.
400 2256 436 2308 ci.
452 2256 528 2313 Vere.
543 2258 571 2308 ii.
581 2261 623 2308 tr.
637 2258 689 2309 011.
700 2259 739 2309 111.
751 2262 792 2310 10.
810 2261 901 2310 omisit
920 2263 949 2310 et
970 2260 1104 2324 pietatem
1115 2263 1147 2313 et

228 2327 427 2384 inpunitatem,
454 2324 494 2395 (de
509 2324 679 2396 Jiatricidat)
726 2326 816 2391 Itaque
840 2327 989 2379 ttumanitas
1012 2327 1148 2394 signifieat

227 2397 320 2452 muita.
330 2402 358 2445 ut
361 2393 532 2463 facilitatem,
541 2396 697 2461 aequitatem
707 2396 794 2448 animi
804 2393 959 2463 inserendis
972 2398 1059 2456 matis,
1068 2399 1147 2449 mue·

226 2465 380 2521 eicordiam.
394 2465 548 2529 aequitatem
566 2480 629 2530 erga
648 2467 722 2525 aiios,
735 2467 966 2526 mansuetudinem,
981 2467 1146 2531 piacaiiiita·

228 2541 289 2594 tem,
306 2541 352 2586 etc.
371 2533 405 2586 ad
429 2533 491 2586 Diu.
509 2537 546 2587 xi.
559 2536 602 2587 22.
629 2540 660 2587 ut
677 2536 720 2586 ret
740 2535 911 2588 inmanitatis
932 2541 994 2587 tuae
1016 2535 1061 2587 rei
1082 2551 1145 2587 mea

224 2621 304 2659 carisa
316 2620 378 2656 eum
387 2609 574 2657 conservatum
588 2606 664 2659 velis.
684 2604 719 2660 Q.
739 2604 782 2656 Fr.
797 2606 816 2655 i.
831 2608 855 2655 1.
868 2608 893 2656 9.
905 2605 1078 2657 humanitatis
1090 2611 1143 2665 est,

226 2674 340 2727 aliorum
360 2674 499 2726 consulere
518 2673 673 2725 commodis.
702 2673 852 2725 Ati-rui.
872 2674 1020 2725 taneanitas
1040 2673 1144 2726 edicto·

226 2759 295 2796 rum.
308 2745 362 2794 xvi.
378 2744 416 2792 16.
439 2743 609 2794 numanitatis
628 2748 691 2795 tuae
711 2748 754 2793 est
766 2744 912 2811 ignoscere.
955 2742 1095 2795 0111116.
1115 2745 1144 2796 in

226 2811 309 2880 figura
321 2811 433 2862 hominis
446 2809 538 2864 feritas
551 2817 581 2863 et
600 2813 753 2864 immanitas
767 2812 872 2863 belluae
885 2829 902 2862 a
919 2813 1052 2864 communi
1071 2818 1144 2864 tam-

225 2896 306 2948 quam
318 2881 479 2932 tunmnitate
498 2882 615 2946 corporis
628 2880 790 2948 segreganda
801 2885 853 2932 cst.
890 2881 973 2932 Arch.
989 2883 1029 2932 12.
1049 2883 1143 2932 hirma-

225 2950 295 3003 nitas
307 2949 449 3015 opponitur
460 2951 614 3002 acerbitati.
649 2949 731 3001 Catii.
745 2951 781 2999 iv.
790 2952 816 3001 6.
834 2951 983 3002 humanitas
995 2954 1026 3001 et
1038 2950 1144 3001 miseri·

224 3019 324 3073 cordie.
360 3017 456 3074 Quint.
471 3022 511 3069 16.
529 3018 679 3071 humanitas
690 3019 846 3070 communis.
882 3017 930 3071 Or.
944 3019 972 3070 ii.
986 3021 1027 3069 ee.
1047 3020 1143 3069 isima-

222 3089 314 3140 nitatis
334 3094 377 3140 est
401 3089 545 3153 responsio.
572 3086 678 3139 Verrio.
700 3087 728 3138 ii.
748 3094 790 3138 tu.
815 3088 988 3139 immanitatis
1006 3091 1143 3140 rationem

223 3158 332 3209 habere.
351 3154 384 3209 ad
406 3155 467 3207 Div.
482 3173 506 3208 v.
520 3159 562 3208 21.
582 3157 632 3208 tibi
645 3172 706 3208 oum
726 3172 856 3208 summam
869 3156 1066 3213 humanitatem.
1081 3164 1143 3213 tum

222 3228 308 3278 etiam
329 3226 420 3276 literas
441 3216 579 3291 profuisse,
593 3241 626 3275 sc.
639 3222 761 3290 atserrer
774 3225 896 3290 injurias.
914 3225 947 3276 ad
969 3225 1030 3276 utv.
1043 3229 1141 3278 1127.

222 3294 371 3346 humanitas
385 3299 439 3351 tua.
452 3297 497 3361 qui
517 3294 632 3347 amicum
645 3297 729 3345 etiam
743 3300 875 3346 mortuum
888 3294 985 3362 diligis.
1021 3294 1097 3346 beel.
1111 3297 1142 3346 2.

221 3378 272 3415 nec
284 3363 364 3414 titisse
378 3362 403 3413 id
424 3361 470 3431 (sc.
487 3363 615 3413 ruoderate
626 3359 705 3426 serre
726 3371 838 3414 mortem
855 3362 947 3432 amici)
965 3362 1143 3415 humanitatis

223 3437 294 3483 tuae,
335 3434 391 3482 1111.
404 3435 444 3482 13.
470 3430 605 3489 crudelius
618 3435 727 3499 punitus
739 3439 790 3491 est,
801 3449 880 3499 quam
892 3432 1143 3485 erattanantutis

222 3510 299 3552 meae
312 3501 456 3566 postutare.
492 3500 569 3552 Caio.
585 3504 607 3550 1.
626 3501 814 3552 inmanitatem
836 3499 1002 3569 (aequitatem
1020 3501 1050 3551 in
1062 3504 1143 3552 rebus

221 3567 479 3638 numanisserendis)
491 3572 522 3623 ct
533 3569 705 3637 prudentiam
717 3571 832 3623 Athenis
844 3571 1011 3637 deportasse.
1029 3569 1083 3622 ou.
1096 3568 1140 3639 iii.
