2567 4209
214 280 276 339 144
605 271 722 325 INDEX

246 430 433 487 Decorusrm,
461 427 588 491 degressio
608 428 638 478 in
656 427 782 479 oratione.
819 424 973 479 Partitis.
992 425 1129 483 declinatio

211 500 245 551 cd
256 498 480 564 amplifirsmlum.
915 520 917 522 >
1117 549 1121 554 ,

247 567 435 619 Dscniunrus.
472 566 609 618 Fin.r.'t.
636 568 752 632 primum
772 565 944 615 declinatum:
971 568 989 617 i.
1011 580 1037 616 e.
1064 566 1131 630 quod

211 638 329 690 homines
341 636 398 686 noti
408 636 530 700 primum
542 643 696 686 aversamur
707 652 729 684 er
734 633 861 699 fugiunt.

248 705 399 756 [icoocrus.
424 706 471 756 (tr.
486 706 524 755 iii.
534 708 576 756 26.
596 707 715 755 suavitas
729 712 847 762 asistere,
862 709 892 755 et
905 702 997 763 solido,
1007 718 1059 756 non
1070 703 1128 756 dul·

211 776 250 827 cis
263 780 292 826 et
305 775 411 828 decocta,
422 777 440 825 i.
450 771 580 839 efracto,
595 772 728 836 languida.
1013 807 1017 813 .

247 842 455 896 Ducouonerm.
473 857 523 906 pro
535 844 698 893 relocatione.
715 840 902 892 111νί111127.
921 842 1075 892 decoloratio
1093 857 1127 893 ex

211 913 301 980 alique
313 915 471 979 contagione
486 917 593 963 terrena
610 914 702 976 potest
721 912 855 977 sanguinis
873 911 967 961 similis
980 926 1047 964 esse.
1082 901 1128 962 Sia

211 989 269 1034 sulti
283 981 558 1032 manos.doeotoratae
570 979 676 1030 Sueton.
692 977 764 1042 Aug.
779 981 804 1029 5.

246 1050 428 1109 Ducoouunc,
448 1064 595 1099 consumere
608 1048 732 1112 impensis
751 1054 775 1097 ct
791 1053 879 1098 sumtu
890 1045 1027 1113 faciendo.
1065 1047 1125 1100 Att.

211 1119 517 1177 inconsummati
537 1133 628 1184 agrum
649 1117 785 1178 uecooere
806 1121 889 1182 quoto
910 1131 987 1168 atino.
1013 1116 1084 1168 Phil.
1097 1117 1126 1169 ii.

212 1192 253 1242 itt.
273 1193 384 1238 tenesne
399 1188 534 1243 memoria,
549 1196 577 1238 te
590 1189 792 1251 praetextatum
805 1186 956 1237 decoxisse?

245 1256 383 1310 Decorum
403 1264 552 1321 potiturum,
565 1255 617 1306 Off.
632 1255 650 1304 i.
660 1257 702 1304 28.
722 1255 785 1317 quid
796 1255 852 1304 sit?

244 1324 412 1380 Drusorum,
432 1324 558 1375 seretentia
570 1324 696 1374 senatuis
709 1322 741 1372 ad
752 1322 813 1374 Div.
823 1339 867 1375 xv.
877 1324 902 1373 5.
921 1324 1057 1374 sententia
1065 1337 1128 1375 men

210 1396 239 1446 ct
252 1394 349 1443 decreto
370 1393 486 1444 laudavi.
506 1391 682 1458 *philosophi
700 1392 836 1456 placetum.
873 1392 957 1442 Aeaci.
971 1394 1007 1442 iv.
1020 1394 1046 1442 9.
1069 1397 1126 1443 etc.

210 1460 403 1526 *Responsum
413 1461 485 1513 Jtttl.
505 1461 610 1513 Murco.
626 1464 666 1512 13.
687 1475 813 1526 responsa
829 1465 912 1529 atquc
925 1462 1024 1511 decreta
1035 1467 1128 1513 vestre

210 1535 369 1582 evertuntur
395 1545 476 1594 saepe
500 1529 623 1582 dicundo.
655 1529 871 1595 *jurisdictionis
891 1529 1038 1594 praetoriae
1052 1545 1125 1593 pars.

210 1599 289 1651 Verr.
304 1600 331 1650 ii.
346 1603 388 1649 cn.
407 1601 470 1666 quin
484 1600 505 1650 is
523 1601 556 1650 ab
570 1598 666 1649 Siculis
680 1600 710 1648 reb
729 1599 828 1649 decreta
842 1598 1035 1664 interponenda
1047 1614 1128 1664 pecu-

209 1672 281 1720 niam
299 1671 444 1733 asceperit,
458 1670 502 1735 qui
518 1669 555 1718 Μ.
568 1667 714 1719 Octavium
728 1668 852 1736 Ligurem
870 1669 905 1719 cb
919 1669 963 1734 jus
982 1665 1126 1719 dicundum

209 1738 371 1806 poposcerit.
384 1754 408 1787 u.
421 1735 584 1788 Jnrisdictio.
789 1739 791 1744 ’

245 1806 424 1863 Ducuunnus,
444 1805 522 1856 Verr.
537 1806 575 1856 iii.
593 1807 618 1855 6.
646 1821 710 1872 ager
725 1805 896 1860 decumanum
915 1806 980 1856 ne.
994 1819 1068 1868 equo
1084 1805 1126 1856 de·

210 1890 298 1927 cumae
319 1876 422 1942 damnor.
450 1873 639 1938 *publicanus
656 1875 704 1938 ocri
722 1875 839 1925 demimus
859 1888 875 1923 a
893 1875 990 1938 popula
1007 1873 1124 1924 redemit.

209 1944 288 1996 Verr.
308 1945 336 1994 ii.
353 1947 393 1993 13.
413 1947 454 1993 71.
469 1942 559 1994 inno.
578 1943 715 1994 decumani
737 1944 873 2009 principes
897 1948 927 1994 et
951 1945 1024 2010 quasi
1051 1958 1125 1993 sena-

209 2017 252 2065 tus
284 2014 493 2078 publicanorum.
524 2011 635 2074 Scilicet,
650 2013 880 2076 >quemadmodum
905 2010 1125 2071 honestissiman,

208 2082 237 2133 dc
249 2096 321 2131 onore
335 2079 464 2137 Rauenna,
473 2095 554 2142 gerens
562 2080 603 2130 rei
610 2082 768 2144 quaerendae
776 2086 812 2131 est
820 2081 991 2145 agricultura,
1000 2080 1038 2131 sic
1046 2082 1125 2130 ctiam

208 2151 279 2202 inter
287 2150 440 2214 publicanos
452 2148 637 2208 honestissimi,
652 2150 698 2213 qui
720 2150 838 2200 decumas
854 2149 1005 2201 cmiduoere.
1024 2148 1138 2212 *prag-e

207 2233 266 2269 nus.
304 2216 405 2268 Finxit.
419 2220 445 2267 8.
463 2218 621 2283 acipensere
633 2233 694 2269 cum
707 2219 855 2270 decumano.
893 2215 926 2268 ln
941 2218 1124 2268 rusticissimi

205 2302 266 2345 ova,
281 2301 360 2351 poma
373 2284 528 2337 decumana.
565 2284 632 2336 Noti
644 2289 722 2337 etiarn
736 2293 797 2337 nont
813 2286 934 2339 versiculi
948 2285 1081 2344 Ouidium
1094 2285 1123 2336 de

198 2354 287 2420 fluctu
298 2355 432 2404 monimo:
452 2353 794 2421 Hicfluctns'supereminet
806 2369 903 2416 omnes,
913 2356 1045 2421 posterior
1054 2369 1123 2406 nona

110 2471 115 2478 c
208 2430 252 2482 cst,
263 2423 447 2487 undecimoque
456 2424 542 2488 prior.

245 2491 427 2551 inserueras,
447 2492 475 2543 de
481 2493 680 2555 gladiatoribus,
694 2508 753 2543 cum
763 2494 883 2556 gladium
894 2493 1033 2557 recipiunt,
1040 2490 1123 2556 jugu-

207 2559 308 2624 larioue
320 2577 345 2611 se
365 2562 512 2625 patiuntur.
548 2561 630 2614 Tusc.
645 2564 673 2614 ii.
688 2566 728 2613 17.
748 2563 860 2614 mittunt
873 2564 957 2613 etiam
970 2562 1122 2612 vulneribus

207 2630 323 2681 coniecti
336 2629 369 2680 ad
378 2630 506 2688 dominos,
516 2631 561 2699 qui
574 2631 787 2699 quaerant,quid
797 2633 882 2682 velint
895 2650 900 2679 :
920 2631 941 2680 si
954 2629 1123 2683 satisfactum

207 2698 240 2750 iis
253 2699 297 2758 sit,
315 2714 344 2749 se
357 2700 429 2749 veile
443 2700 600 2750 decumbere.
619 2700 682 2749 ibid.
704 2701 822 2766 turpiter
833 2700 988 2757 houmere,
1002 2698 1037 2750 ci.
1051 2697 1120 2748 Phil.

207 2768 247 2819 iii.
260 2772 299 2817 11.
313 2766 365 2817 *de
378 2774 505 2818 coenante.
522 2767 597 2819 Verr.
609 2769 648 2819 iii.
661 2770 704 2817 25.
717 2784 778 2818 cum
788 2770 815 2819 in
828 2769 945 2819 triclinio
957 2768 1119 2818 decubuisset.

241 2835 378 2885 Decumi.
397 2837 485 2886 rubedo
498 2852 518 2886 s.
529 2838 625 2894 alitem
635 2837 664 2887 in
671 2852 720 2901 quo
728 2837 884 2888 Senatorum
895 2838 1004 2887 nomina
1015 2838 1120 2900 scripta,

207 2903 253 2969 qui
259 2903 362 2968 perdicio
373 2905 557 2955 administrare
577 2906 674 2962 dehent,
687 2922 707 2955 s.
721 2905 809 2956 classis
822 2906 952 2970 judicum.
989 2903 1120 2955 Dentriae

206 2979 293 3023 autem
302 2989 332 3023 en
341 2973 459 3023 instituta
467 2980 548 3024 uetere
557 2979 608 3023 tres
611 2972 736 3039 filemoni,
746 2980 783 3024 tot
794 2989 829 3024 sc.
838 2974 868 3024 in
880 2979 940 3037 quat
949 2980 1036 3039 partes
1048 2986 1121 3023 sena·

205 3046 273 3093 tores
274 3041 419 3106 judicantes
427 3042 549 3106 descripti
556 3050 629 3093 erant
634 3058 644 3098 ,·
654 3043 745 3107 quihus
753 3048 873 3106 actoriam
880 3043 971 3107 adjecit
975 3041 1121 3104 Augentns,

205 3108 311 3161 Sueton.
325 3125 346 3159 c.
360 3113 405 3161 33.
424 3110 470 3160 ubi
482 3110 533 3160 uid.
547 3109 658 3162 Cosano.
672 3112 792 3174 quintam
804 3109 892 3176 Cujus,
906 3117 1008 3162 auctore
1032 3109 1120 3160 eodem

206 3177 310 3229 Suetan.
321 3192 342 3228 c.
357 3180 398 3228 16.
418 3176 532 3235 Sectam,
546 3194 703 3243 columpnam
715 3187 829 3241 rogatus,
840 3186 927 3230 tamen
934 3179 1023 3229 addere
1034 3177 1121 3228 noluit

207 3246 298 3298 Gallo.
308 3245 413 3297 Ssoeton.
427 3261 449 3295 c.
464 3250 504 3296 14.
519 3246 597 3298 Vero.
612 3253 629 3300 i.
644 3251 686 3298 ci.
707 3247 735 3299 ii.
748 3250 790 3299 32.
804 3247 912 3300 Cluent.
923 3251 965 3298 37.
977 3246 1029 3297 oid.
1042 3246 1120 3297 dehis

205 3315 318 3367 decuriis
338 3312 413 3364 Ptin.
434 3315 531 3366 sico-iii.
544 3319 567 3365 1.
580 3318 606 3366 2.
634 3315 650 3348 *
667 3315 846 3379 Dejudicihus
857 3317 967 3368 decuria
983 3316 1063 3366 etiarn
1074 3321 1119 3373 est,

206 3384 249 3435 sed
260 3383 313 3433 alio
333 3399 415 3440 sensa.
430 3383 508 3435 Verr.
527 3383 566 3434 in.
588 3388 628 3435 11.
649 3384 712 3451 quid
731 3385 839 3436 tandem
865 3386 985 3452 postulat
1009 3382 1121 3436 arator?

205 3454 273 3504 nibil
287 3453 337 3503 nisi
350 3468 385 3503 cx
405 3452 496 3504 edicto
512 3452 642 3520 Jndisinm
665 3455 691 3504 iu
711 3455 860 3520 octuplum.
877 3452 943 3520 qnid
965 3449 1121 3519 Apronius?

206 3534 258 3573 nau
281 3527 396 3573 recusat.
423 3521 487 3590 quid
511 3520 646 3588 praetori
667 3523 748 3590 jubet
768 3527 973 3589 recuperatores
996 3524 1119 3590 rejicere.
