2567 4209
200 325 243 386 an
627 304 747 372 titum

197 476 331 599 ffiblicoe,
354 474 383 527 ia
401 465 504 527 caecil.
526 474 545 526 i.
570 471 618 526 Or.
645 474 686 525 iii.
709 474 744 526 2⁰
755 487 763 532 s
787 472 828 526 uel
845 475 978 540 privatae,
992 471 1050 524 lar.
1068 474 1087 523 i.
1099 473 1132 542 32-

239 548 327 599 blicae
339 549 407 604 sunt,
421 557 485 609 quae
498 557 552 595 nan
568 542 602 595 od
610 542 747 609 priuatm
758 541 901 603 bominem,
915 542 958 593 sed
977 543 1011 593 ad
1021 541 1128 593 uniuer-

197 629 256 668 sam
264 613 454 682 rempublicam
464 610 569 733 ἷυεᾳτιι
579 618 676 664 statum
684 612 825 678 pertinent,
836 611 1014 677 quodscelera,
1027 611 1056 662 de
1069 609 1128 676 qui·

196 686 245 738 bus
256 684 356 750 agilan,
370 682 395 735 ei
407 686 453 734 aut
482 681 559 734 irecte
572 686 674 741 nocent,
686 687 717 733 ut
733 681 878 747 peculatus,
890 680 1020 747 majestas,
1033 686 1123 747 captae

193 755 330 823 petroniae,
344 758 391 804 etc.
410 756 457 803 out
476 751 594 817 coempto
607 756 631 802 et
649 750 769 816 periculo
786 750 906 817 publicae
927 750 1125 809 secerdotium

192 822 381 893 parricidium,
394 826 442 873 etc.
454 821 521 874 unde
540 819 655 886 populus
666 835 760 872 samem
766 819 901 886 judicium
913 821 966 884 lege
984 820 1037 871 lata
1048 820 1082 870 ad
1097 833 1123 870 se

192 893 325 964 periture
339 888 479 959 judicavit
490 896 520 942 ut
532 896 578 941 aut
589 904 607 941 a
624 905 649 941 se
664 889 841 955 judicaretur,
862 896 916 949 aut,
931 889 1123 954 quaestionibus

193 962 327 1087 {prpetuis
336 960 490 1020 constitutis,
505 975 522 1012 a
534 958 719 1019 Praetoribus,
733 959 826 1025 quibus
839 973 882 1010 eae
895 958 1057 1023 attigissent.
1069 958 1121 1010 oid.

222 1049 253 1085 oc
268 1029 419 1085 Tabellaria
431 1027 531 1082 Cassia.
567 1027 697 1082 Privatae
718 1034 807 1080 autem
826 1028 958 1088 dicuntur,
979 1028 1010 1081 in
1030 1029 1123 1093 quibus

170 1125 181 1143 ·
193 1103 362 1170 priuatorum
373 1098 538 1152 commodum
549 1098 648 1162 agitur,
665 1104 695 1148 nt
714 1097 743 1149 de
762 1098 921 1150 testamentis
934 1104 958 1149 et
973 1097 1131 1150 hereditati·-

195 1174 250 1232 bus,
264 1169 477 1236 possessionibus,
494 1174 541 1220 etc.
578 1167 623 1220 Ab
642 1167 686 1219 tris
709 1182 850 1220 causarum
866 1167 1007 1232 generibus
1019 1166 1124 1234 judicia

195 1241 275 1295 etiam
286 1240 327 1291 ael
335 1237 440 1304 publica
451 1237 491 1289 uel
499 1237 606 1304 priuata
618 1237 749 1297 dicamur,
763 1237 792 1288 de
806 1252 855 1302 quo
868 1251 914 1290 suo
927 1238 990 1290 laco.
1027 1235 1128 1302 Neque

196 1325 256 1365 uero
268 1308 354 1361 solum
364 1306 393 1358 de
401 1302 557 1372 forensibus
569 1305 752 1358 comrouersiis
765 1322 846 1360 causa
862 1306 968 1368 dicitur,
981 1306 1025 1359 sed
1034 1306 1064 1358 de
1077 1321 1122 1357 m·

193 1379 274 1447 galiis
286 1377 486 1443 quibuscunque,
499 1374 625 1441 inprimis
642 1375 673 1426 in
691 1375 783 1440 quibus
801 1392 927 1442 personae
945 1382 1027 1427 certae
1038 1375 1127 1426 inter-¹

192 1452 336 1518 ponuntur,
349 1451 379 1496 ut
394 1444 488 1497 Manil.
499 1446 526 1497 2.
545 1459 623 1496 causa
640 1447 760 1513 quaesit
775 1445 885 1498 vIdetis.
903 1444 936 1497 ad
949 1444 1011 1497 Dis.
1025 1447 1062 1496 vi.
1077 1445 1121 1496 10.

195 1531 273 1572 causa
291 1531 326 1569 ea
344 1517 396 1568 ost.
417 1517 473 1567 etc.
510 1511 596 1566 Causa
620 1514 731 1570 inferior
754 1519 785 1568 et
808 1516 931 1583 superior
941 1513 1022 1568 Brut.
1035 1518 1060 1566 8.
1074 1520 1121 1575 est,

195 1602 259 1656 qiam
271 1584 395 1645 uincitur,
407 1589 432 1635 et
451 1597 514 1649 qssae
531 1582 621 1636 uincit.
658 1583 783 1637 Nolendo
800 1599 883 1651 porro
894 1585 1025 1637 tironibus
1036 1585 1123 1636 iaec.-

195 1655 291 1715 Quint.
314 1657 355 1706 10.
377 1651 476 1706 Causae
487 1652 582 1714 dictio,
595 1667 660 1719 quae
672 1654 738 1706 etde
749 1670 804 1714 reo,
817 1654 881 1707 etde
891 1661 1004 1720 patrono
1016 1653 1078 1721 ejus,
1091 1654 1126 1707 b,

194 1723 213 1786 ι
229 1726 259 1777 de
269 1730 381 1791 patrono
392 1723 497 1783 dicitm,
510 1737 575 1774 nam
584 1728 692 1789 uterque
709 1738 817 1777 musam
837 1722 909 1775 dicit.
923 1740 949 1776 v.
962 1723 1041 1776 Raso.
1054 1724 1124 1776 Am„

193 1799 221 1852 b.
239 1796 286 1847 ubi
297 1800 334 1845 est
342 1792 434 1854 deren
446 1798 472 1845 et
480 1791 520 1848 sic
530 1791 653 1859 plantus
665 1793 738 1845 locis.
754 1793 806 1846 Or.
820 1794 849 1846 ii.
862 1796 906 1846 25.
914 1796 957 1845 30.
977 1793 1048 1862 quod
1059 1808 1122 1845 cau·

195 1881 251 1922 ram
263 1864 338 1923 lacit,
351 1862 449 1915 otetur
459 1868 536 1928 caput
547 1876 648 1923 causae,
658 1862 688 1914 in
704 1878 755 1928 quo
766 1869 821 1916 tota
832 1878 910 1915 causa
919 1870 1047 1924 ueremur,
1056 1879 1078 1914 s.
1089 1868 1121 1916 ut

194 1937 257 1990 eliis
266 1934 328 1988 lacis
339 1931 410 1991 dicit.
423 1931 554 1998 quotrem
567 1946 720 1998 causamque
733 1933 855 1986 continet.
874 1932 935 1986 Mil.
948 1934 992 1985 22.
1011 1933 1079 1999 qaod
1089 1932 1127 1985 in«

194 2020 273 2064 causa
281 2002 458 2067 quaerendum
469 2007 513 2063 est,
524 2002 543 2053 i.
556 2017 583 2054 e.
595 2001 625 2053 in
635 2018 665 2053 re
677 2008 701 2054 et
710 2001 923 2055 circumstantiis.
959 2001 1022 2054 Huc
1035 2002 1123 2069 perti-

194 2071 313 2130 netillud
323 2069 429 2123 achiu.
442 2071 462 2122 i.
477 2074 500 2122 i.
514 2070 544 2122 in
555 2085 635 2124 causo
646 2072 713 2123 haec
726 2075 805 2123 sant:
824 2071 844 2123 i.
858 2089 880 2125 e.
898 2078 979 2124 status
990 2087 1081 2124 causae
1094 2076 1121 2124 ct

194 2143 294 2210 negotii
305 2143 414 2194 hicest.
451 2138 550 2204 *Quia
568 2140 600 2193 ios
618 2156 696 2192 causa
715 2156 807 2192 eorum
826 2156 939 2206 quorum
958 2148 1003 2202 est,
1016 2143 1119 2194 utilitas

195 2222 270 2281 otqm
290 2210 352 2263 adeo
372 2209 504 2262 interdurn
523 2210 593 2262 salus
610 2210 697 2277 posita
716 2216 763 2272 est,
780 2226 860 2263 causa
877 2211 975 2263 dicitur
986 2213 1075 2273 etiam,
1089 2211 1118 2264 iu

194 2295 343 2353 qswonnque
355 2278 466 2346 alicujus
486 2279 587 2331 utilitas
598 2285 735 2331 uersatur:
753 2279 798 2331 dus
811 2280 942 2333 imeresse.
979 2282 1027 2335 Or,
1041 2284 1059 2334 i.
1072 2284 1121 2334 st,

194 2349 397 2439 couscimperii.
416 2345 528 2433 ’Menti
547 2350 700 2430 incensam
712 2349 781 2415 reip.
795 2349 828 2402 sd
849 2366 893 2403 me
906 2350 1071 2410 detulerant,
1085 2351 1118 2422 od

193 2417 1121 2559 t·t,tt.⁶tttlt³:t¹,titttttttttttttt

194 2561 373 2618 inscientiam.
398 2573 424 2611 v.
443 2555 593 2611 inscientia.
623 2555 639 2591 ⁴¹
657 2565 745 2626 partes
768 2559 849 2612 etiam
879 2560 1003 2612 dicaretur
1025 2575 1114 2622 cursa,

190 2638 337 2703 propterea,
351 2628 418 2694 quod
437 2642 496 2680 suas
516 2643 627 2696 quaeque
637 2642 702 2694 pars
714 2644 803 2681 causas
815 2630 890 2682 babet
902 2636 926 2682 et
937 2627 1023 2697 qffert,
1036 2645 1122 2696 queam>

192 2695 398 2772 aliquidsaciat,
406 2702 484 2764 petat,
497 2702 544 2750 etc.
564 2698 686 2751 Marcell.
701 2703 725 2750 1.
740 2701 769 2751 irs
779 2697 875 2752 eodem
887 2715 964 2753 causa
976 2716 1044 2759 osse,
1057 2705 1120 2754 etc,

194 2768 343 2824 *conditio
379 2766 431 2819 Off.
446 2768 464 2818 i.
478 2769 520 2819 31.
539 2767 606 2820 alius
620 2768 756 2821 incudem
768 2784 908 2822 causamn
921 2770 1013 2823 debet.
1026 2770 1061 2822 ci.
1076 2771 1120 2824 iii.

192 2837 335 2976 {effa
334 2837 374 2919 iii.
375 2837 418 2971 1ξά
420 2836 526 2958 50Ιὲὶῶ
527 2843 597 2958 offitii
603 2839 630 2890 in
633 2840 767 2972 &¹⁰52
780 2854 866 2958 εαιςῶα.
885 2855 965 2958 (ξὲιαηι
984 2841 1113 2958 affligatu-

336 2922 358 2958 ss
442 2941 449 2960 .
527 2922 539 2957 c
605 2923 614 2963 t
701 2923 781 2973 ,quic
860 2923 903 2972 pe
925 2923 967 2965 ur,
988 2922 1005 2957 a
1055 2925 1117 2961 con·

192 2977 316 3037 tenditur,
341 2974 418 3027 certis
438 2975 468 3026 de
491 2975 575 3027 causis
596 2976 698 3041 pet-itur
715 2983 740 3027 et
759 2923 929 3027 coqssutcrcditur.
957 2973 1046 3042 Ligur.
1071 2981 1112 3029 ll.

191 3063 284 3114 causas
301 3042 373 3112 apud
393 3048 422 3096 te
443 3046 593 3113 rogantium
613 3046 783 3112 gratiosiores
795 3059 854 3094 esse
866 3058 946 3111 qaam
959 3044 1060 3096 vultus.
1078 3046 1114 3098 du

192 3120 275 3171 silicet
288 3117 363 3167 metr
371 3110 471 3181 ausdie
482 3111 590 3171 Sueten,
603 3114 642 3164 ols
654 3111 707 3178 aues
712 3113 752 3164 die
768 3110 913 3164 Personen.
932 3112 947 3144 *
960 3113 989 3164 de
1010 3113 1117 3167 satiares

186 3185 262 3255 justa
273 3192 298 3237 et
310 3197 391 3248 aequa
403 3196 482 3247 qsrare
495 3181 596 3245 aliquid
604 3180 653 3245 fit,
671 3187 748 3232 sousa
759 3180 860 3232 idonea.
881 3178 959 3235 Vcrr.
973 3184 991 3232 i.
1005 3186 1030 3234 8.
1050 3199 1113 3238 cam

192 3270 271 3309 cansa
283 3251 412 3305 accedere
425 3250 459 3302 ad
470 3248 659 3302 accusandum.
677 3249 739 3302 Ast.
753 3250 800 3300 vii.
810 3251 837 3301 3.
856 3264 959 3303 causam
974 3253 1022 3304 illa
1032 3268 1113 3308 cause

191 3340 245 3378 non
257 3324 350 3376 habet.
369 3319 384 3352 *
393 3335 444 3385 pro
456 3334 494 3377 ea,
507 3318 574 3384 quod
581 3324 651 3369 certa
663 3324 686 3370 et
698 3309 790 3372 idonea
801 3319 830 3370 de
843 3334 920 3372 causa
931 3319 979 3387 fit.
1016 3319 1112 3378 Quint.

194 3395 236 3445 lb.
254 3406 346 3445 ornnes
366 3402 455 3440 causcn
475 3391 507 3440 et
526 3387 737 3442 necessitudines
757 3393 867 3441 veteres
891 3389 1112 3451 intercedebants

192 3461 220 3514 h.
233 3478 258 3513 e.
278 3473 366 3513 omnes
381 3472 471 3510 causae
489 3458 660 3523 suppetebant,
680 3465 789 3525 propter
800 3473 863 3523 qscas
875 3460 956 3511 amici
973 3476 1024 3511 esse
1036 3459 1120 3513 uberi

191 3530 309 3582 debemus
318 3534 342 3580 ct
354 3528 463 3580 sommus
475 3545 483 3578 .·
501 3526 566 3579 alibi
577 3527 653 3586 died,
662 3544 724 3581 cam
733 3543 766 3580 eo
778 3529 844 3581 mihi
857 3533 920 3582 sunt
931 3530 1030 3583 amnia.
1048 3546 1073 3581 o.
1083 3528 1112 3581 de

191 3599 241 3652 leae
249 3596 344 3667 pbrasi
355 3595 475 3653 Broulcb.
488 3596 522 3652 ot
535 3593 601 3652 ru,
613 3597 694 3657 lita.
706 3598 755 3654 ult.
774 3597 789 3633 ’¹‘
797 3603 956 3668 punctus.
991 3599 1070 3655 Dour·
1083 3597 1116 3658 a.
