2567 4209
485 327 740 389 LnTlNlfflls.
1014 332 1077 399 m

188 492 341 553 Drrrrrrr,
360 491 502 558 compilare
519 493 587 544 dona
598 491 717 543 alterius.
754 486 789 542 Iu
808 506 858 555 quo
870 488 1078 541 aninwavertene

152 564 262 623 tirones,
275 569 332 614 tum
354 561 460 614 denuem
482 561 543 621 diei,
556 576 617 613 curn
628 576 646 612 a
667 561 788 626 pluribus
798 560 838 625 fit
855 560 907 612 ista
917 559 1077 625 compilatio

155 639 290 698 tamquam
309 632 340 683 in
363 630 599 697 expugnationibus
618 631 736 690 urbium,
748 637 795 681 aut
806 644 920 681 curreres
939 629 973 680 ad
988 629 1078 694 plures

152 702 273 770 peruenit
285 722 293 751 .·
312 715 372 752 eum
380 707 468 753 autem
479 716 548 753 unus
559 701 693 766 comptior,
705 706 751 751 aut
768 696 866 767 aufert,
878 705 923 750 aut
933 713 984 764 pro
995 698 1080 749 detra·

154 772 215 822 here
224 778 250 823 et
261 769 369 839 auferre
382 770 538 837 simpliciter
545 770 652 828 dieitur.
662 768 788 836 deripere
800 769 937 824 dicendum
948 783 1007 827 esse,
1026 780 1080 818 nou

154 840 278 908 diripite.
315 839 404 907 Hujru
421 840 462 892 rei
473 836 690 905 iprwratioseeit
702 845 732 890 ut
748 838 856 890 librarii
867 839 928 890 haee
939 837 990 890 duo
1001 835 1080 889 verda

155 926 230 977 saepe
249 907 449 977 confunderent,
462 925 540 976 eaque
558 909 589 961 in
608 909 747 975 peronae,
763 915 901 959 auctorum
924 905 1080 957 editionibus

156 980 239 1032 adhue
250 986 345 1044 regnat
356 977 493 1061 suffusio.-
511 994 585 1044 quae,
598 982 647 1031 too
658 978 751 1042 regula
759 978 922 1044 pervulgato,
941 975 1039 1028 sensim
1050 975 1081 1026 in

157 1049 419 1104 ammoneantur
431 1048 613 1100 etindioendo
636 1047 818 1112 scribendoque
842 1047 924 1100 uitari
938 1045 1081 1112 poterim.

99 1153 102 1161 .
159 1117 253 1170 Graeu.
278 1119 312 1170 ad
329 1117 378 1171 Or.
397 1134 442 1185 pr.
455 1117 523 1170 Soa.
536 1133 559 1169 e.
574 1123 597 1169 1.
610 1118 644 1169 ad
659 1117 737 1168 Verr.
759 1116 790 1168 ii.
804 1122 831 1169 7.
846 1123 876 1169 ut
893 1114 1036 1167 Heinsiune
1048 1112 1083 1166 ad

158 1186 293 1247 Ovidium,
306 1194 331 1239 et
349 1187 599 1241 Drakneioreiium
611 1186 755 1238 arisidium
772 1192 880 1246 taceam,
887 1184 948 1252 jane
959 1185 989 1236 in
1001 1182 1081 1235 Leui-

159 1256 285 1310 oo'Fadri
295 1257 421 1310 laudatos.
449 1257 527 1310 Verr.
542 1257 634 1309 11120.
654 1259 918 1324 patererearainres,
932 1253 1081 1322 indignissi-

159 1329 210 1380 mis
231 1328 333 1396 injuriis
346 1330 439 1380 vexari
459 1343 492 1379 ae
512 1327 604 1392 diripi,
617 1342 655 1378 so.
668 1342 686 1377 n
701 1326 891 1377 redemtoridus
902 1324 1080 1376 noemmin.

157 1396 266 1455 Contra,
276 1413 336 1448 oum
347 1396 427 1450 Verr.
442 1398 470 1448 ii.
487 1399 525 1447 19.
539 1396 638 1448 dieitur
650 1395 681 1446 in
692 1394 882 1447 Gronooiona:
901 1393 1006 1460 ergenii
1019 1407 1081 1443 ves·

161 1469 251 1534 iisque
263 1467 398 1534 stragulae
410 1465 481 1534 quod
489 1470 571 1524 esset,
584 1481 644 1518 esse
656 1464 788 1530 direptum
800 1480 809 1519 ‚·
827 1479 887 1516 uene
897 1461 1036 1529 r'dsaotum
1048 1461 1083 1512 sit

162 1550 179 1585 a
190 1535 244 1585 solo
257 1533 348 1592 Verre.
362 1541 408 1586 aut
419 1542 485 1587 certe
494 1535 585 1586 omnia
595 1534 647 1585 ista
658 1534 692 1585 ad
705 1533 818 1585 Verrem
827 1533 1002 1599 pervenerint,
1014 1536 1082 1582 reete

163 1602 291 1655 Graevius
299 1605 414 1667 reposuit
426 1623 434 1653 :
447 1603 600 1670 dereptum.
622 1602 709 1654 Sioed
719 1603 754 1659 Q.
766 1603 810 1654 Fr.
822 1605 839 1654 i.
852 1604 880 1654 2.
890 1605 942 1654 (1.1.
950 1601 1084 1664 direptum

163 1676 193 1726 te
205 1672 243 1724 iri
254 1688 271 1724 o
287 1675 348 1731 tuis.
362 1672 425 1725 dum
438 1674 460 1723 is
478 1674 586 1723 abesset
600 1691 606 1722 :
626 1673 655 1722 h.
667 1687 692 1722 e.
705 1678 763 1723 tuos
773 1672 842 1723 maie
854 1671 1083 1723 administraturor

163 1757 216 1794 esse
227 1757 285 1793 rem
296 1747 378 1799 tuom.
388 1747 460 1807 teque
472 1741 667 1806 compiiaturos.
703 1739 795 1805 Neque
804 1756 864 1792 uero
876 1742 982 1792 haerere
994 1738 1084 1790 debent

163 1812 270 1870 tirones,
283 1811 329 1861 ubi
341 1811 421 1862 etiam
433 1811 462 1861 de
474 1809 587 1873 singuiis
598 1808 651 1859 diei
662 1809 772 1869 uidetur,
785 1825 844 1861 curn
856 1825 885 1861 re
905 1825 967 1862 uera
978 1808 1007 1859 de
1023 1807 1084 1874 plu·

161 1880 360 1939 ronedum,
373 1885 508 1944 tanquam
528 1892 588 1929 eum
606 1877 777 1942 imperatores
789 1885 814 1930 et
831 1879 1003 1945 magistratus
1021 1892 1084 1943 pro·

164 1948 288 2001 uineiates
298 1947 423 1999 dicuntur
433 1948 523 2006 socios,
534 1948 694 2013 provincias.
706 1946 833 2001 civitates
845 1948 1004 2016 diripuisse:
1018 1953 1085 1998 tane»

164 2033 245 2084 poam
256 2016 290 2069 od
304 2017 365 2068 Dir.
378 2018 436 2070 viii.
452 2020 491 2067 10.
530 2032 580 2068 uoe
592 2016 746 2082 diripuisses
756 2016 823 2084 ipse,
836 2022 866 2070 ut
879 2019 1037 2072 riderentur
1049 2016 1084 2068 ab

165 2089 244 2140 hoste
253 2090 368 2139 vastata.
388 2086 416 2138 in
429 2087 496 2156 ‘i'og.
509 2033 593 2138 gand.
614 2087 749 2139 Antonius
760 2088 873 2154 diripuit
884 2091 978 2142 socies.
997 2086 1085 2138 *oum

164 2158 216 2209 dat.
226 2171 362 2223 personae.
399 2156 494 2213 Quint.
506 2158 550 2209 20.
569 2160 596 2208 ei
607 2162 767 2210 ornamenta
784 2158 890 2224 diripis,
901 2159 944 2211 sed
961 2155 1035 2209 tertio
1046 2155 1085 2208 oi-

166 2230 236 2279 tioso
245 2227 356 2279 uidetur.
369 2242 393 2278 u.
406 2233 460 2279 not.

199 2296 328 2349 Drrrrss.
347 2298 458 2358 mlum,
479 2296 622 2357 calamitas,
650 2296 731 2349 Taso.
745 2296 784 2348 iii.
799 2301 840 2349 14.
871 2300 892 2349 si
910 2314 963 2366 qua
975 2295 1085 2348 inverte

163 2366 258 2419 diritas
269 2382 331 2419 oosu
346 2366 429 2420 soret.
442 2383 473 2417 er
483 2366 582 2418 Graeco
591 2365 754 2431 Euripidis:
772 2364 799 2418 iu
811 2384 852 2416 rm
860 2384 983 2433 παπχοιμι.
1002 2365 1017 2397 *
1030 2380 1084 2416 sae·

165 2435 238 2496 uitia.
251 2436 398 2487 crudelitas.
426 2436 520 2488 Vntin.
533 2439 558 2487 3.
578 2450 740 2504 quamquam
752 2434 787 2485 sis
799 2433 872 2483 omni
884 2434 989 2484 diritate
1001 2443 1083 2502 utque

165 2505 337 2558 immanitate
351 2505 518 2558 teterrimus.

201 2574 341 2625 Dreuerr.
378 2572 549 2624 Verr.r.18.
568 2588 631 2624 rere
649 2571 731 2622 dirui.
740 2586 765 2621 u.
779 2570 844 2620 Aes.

203 2641 386 2700 Drinum,
404 2655 561 2705 magnopere
574 2640 733 2692 contendere.
752 2637 786 2689 ed
807 2637 869 2689 Dir.
882 2638 930 2690 vii.
945 2642 968 2689 1.
999 2654 1085 2706 paene

169 2709 260 2774 dirupi
273 2723 316 2760 me
329 2710 356 2761 in
376 2706 478 2776 judicio
490 2708 562 2761 Garri
575 2709 715 2761 familiaris
727 2708 778 2759 tui.
797 2707 812 2740 *
825 2707 853 2758 de
866 2708 1039 2760 inuidentibus
1051 2714 1088 2760 est

169 2777 298 2842 dirumpi.
317 2776 350 2829 nd
363 2776 425 2829 Diu.
437 2775 485 2830 xii.
498 2780 523 2829 2.
542 2779 707 2843 dirumpitur
723 2777 814 2831 fratris
827 2778 866 2828 tui
879 2778 983 2845 plausu.

205 2848 358 2900 Drnorrus.
392 2846 464 2898 Pru.
480 2848 552 2902 ι11111.
579 2851 620 2899 12.
659 2849 738 2899 homo
764 2848 885 2912 diruptus
908 2848 1085 2915 dirutusque:

170 2932 286 2970 stamma
298 2917 328 2968 in
339 2914 501 2968 herniostuu.
520 2915 579 2968 *ed
591 2917 628 2974 Q.
639 2917 684 2969 Fr.
697 2918 736 2968 iii.
750 2923 774 2969 4.
794 2917 908 2983 diruptis
920 2917 1038 2975 tabellis,
1052 2932 1087 2969 se.

170 2986 371 3054 suffragiorum.
407 2983 458 3036 Sed
480 2985 535 3037 sins
558 2987 733 3039 courooerrto
756 2986 891 3052 legendum
914 2985 1088 3047 diremtis,ut

171 3055 464 3111 uideruntdudumoiri
475 3056 551 3108 dotti.
944 3053 945 3058 ’

206 3128 302 3186 Draus,
321 3126 352 3177 in
362 3140 392 3176 re
404 3126 529 3189 augurali
536 3131 560 3178 et
568 3125 740 3191 ionerpieina
751 3131 852 3189 totaque
864 3125 1023 3178 divinatione
1026 3121 1089 3191 sre-

172 3196 371 3266 quentissirnum
396 3197 512 3246 uerbum.
550 3194 611 3247 Dir.
626 3195 655 3247 ii.
675 3197 715 3246 15.
737 3200 802 3247 exta
821 3193 889 3247 diro.
938 3194 1003 3263 Leg.
1019 3195 1048 3245 ii.
1061 3197 1088 3245 8.

171 3284 241 3390 guae
253 3282 337 3334 augur
358 3267 463 3333 injusta,
477 3263 591 3325 nefasta,
604 3267 710 3324 vitiosa,
723 3264 820 3322 diruere,
840 3262 973 3325 defixerit,
983 3269 1039 3316 ete.
1051 3262 1087 3330 pfl

199 3352 264 3388 rrae.

207 3405 342 3457 Drruras.
378 3401 448 3456 Phil.
461 3404 520 3456 xiii.
534 3406 575 3457 12.
606 3406 686 3458 homo
709 3404 833 3472 diruptus
856 3404 1016 3468 dirutusque,
1038 3402 1087 3459 int.

173 3490 248 3528 aere.
261 3491 285 3526 o.
299 3476 353 3525 Aes
364 3480 389 3525 et
400 3473 517 3526 diruere.

209 3544 341 3596 Discedo.
377 3542 456 3595 Brut.
468 3545 512 3595 91.
538 3544 691 3598 diseederea
708 3546 793 3614 gloria
809 3547 934 3614 sperate:
953 3544 972 3594 i.
985 3559 1011 3595 e.
1030 3558 1088 3596 oon·

171 3614 266 3701 titione
281 3613 383 3683 gloriru
399 3614 587 3682 persequendae
604 3615 725 3684 adjicere.
759 3614 812 3669 Sed
828 3631 854 3674 o·
865 3619 921 3669 not.
941 3611 1001 3669 Fio.
1013 3616 1033 3672 i.
1044 3615 1092 3669 21).
