2567 4209
117 205 229 284 54
615 208 733 265 innox

240 362 363 416 Acccno.
380 364 430 487 Oh.
442 369 461 420 i.
482 369 507 418 9.
530 367 564 419 ad
577 370 775 438 rempublicam
788 367 914 420 mordere.
927 370 947 419 i.
965 383 992 421 e.
1002 364 1146 431 magistra·

206 438 247 482 ²²⁸⁸
264 438 360 497 Petere.
431 437 436 449 “
488 436 568 490 Verr.
590 441 608 491 i.
631 443 673 490 12.
695 438 729 490 ad
742 441 914 507 magistratus
934 452 1047 506 remque
1067 438 1143 504 pubi.

90 497 102 518 ³
205 502 329 554 accedere.
341 504 381 570 set
392 512 480 559 autem
500 508 592 574 prima
610 509 720 560 accessio
732 509 904 574 adremardti.
914 508 1041 574 petitione
1054 521 1143 572 ormes-

204 576 288 623 turoe.
330 572 382 626 Ubi
401 582 488 628 autem
507 594 591 630 sermo
611 585 648 629 est
667 578 695 629 de
714 576 829 638 Graecis,
842 577 974 644 significat
993 578 1033 629 oei
1052 577 1143 628 ducem

204 641 266 691 seui
283 643 405 710 primum
414 646 492 711 sieri,
514 648 554 698 oei
572 648 682 699 initium
692 644 786 713 facere
810 649 880 713 opud
896 648 1025 713 populien
1042 647 1074 698 de
1084 660 1140 713 rep.

204 710 314 763 dicendi.
336 713 390 766 vid.
412 717 566 782 respublica.
580 713 704 767 *dicitur
724 717 804 768 etiem
815 718 844 767 de
855 714 955 782 fibriti
972 732 1056 782 poros
1075 732 1140 768 smo.

201 781 266 832 Ait.
281 784 327 834 vii.
339 785 366 835 2.
378 786 494 837 accedere
506 786 622 837 alteram
631 787 770 848 leviorem,
784 783 990 852 intelifebrim.
1003 802 1028 836 o.
1063 801 1139 851 upon

204 847 266 901 Obs.
280 852 311 903 ii.
326 856 367 905 15.
380 852 395 886 *
406 853 484 906 Verr.
499 857 538 907 iii.
552 858 595 905 40.
608 857 724 907 accedere
736 856 770 908 ad
782 856 936 924 vectigalia,
949 856 1080 916 sinuntur,
1094 856 1151 920 qui·

203 935 234 973 ea
245 920 372 974 redimere
383 924 480 983 uadunt.
493 925 561 989 quod
569 922 679 989 faciunt
688 926 832 991 publicani.
845 941 870 976 o.
885 925 967 976 Gron.
981 926 1014 975 od
1024 924 1085 975 Seu.
1098 940 1138 990 ep.

205 993 263 1044 101.
277 992 320 1042 cui
331 992 417 1044 simile
429 1000 466 1044 est
477 994 544 1045 iliud
555 993 625 1046 Phil.
648 998 677 1046 ii.
687 999 689 1003 ’
698 997 741 1047 26.
763 996 879 1046 accedere
892 994 925 1046 ad
941 996 1028 1046 scelus
1041 997 1139 1047 sectio-

200 1064 253 1112 nis.
273 1060 375 1113 *Vera
396 1063 436 1113 iii.
458 1066 501 1115 23.
515 1065 629 1115 accedere
643 1064 677 1115 ad
688 1064 854 1116 conditiones
871 1067 927 1131 ejus
940 1069 969 1117 ct
990 1067 1137 1132 pactiones.
1187 1083 1190 1088 ·

203 1146 234 1180 eo
245 1130 390 1184 occuram
407 1133 515 1197 pacisci,
541 1149 592 1199 qua
603 1134 658 1200 ipse
678 1135 770 1194 uoluit,
799 1135 918 1200 quamuis
937 1134 1008 1186 ualde
1030 1134 1133 1198 iniqua.

202 1199 219 1231 ’¹'
228 1198 306 1250 Verr.
320 1202 349 1252 ii.
363 1204 404 1252 38.
418 1203 532 1254 accedere
542 1203 700 1262 adcausam‚
709 1204 846 1269 suscipere,
855 1204 884 1254 de
893 1210 988 1255 ociore.
1001 1202 1136 1254 *accede-

201 1268 271 1389 geia
282 1284 402 1390 regnum,
415 1271 469 1324 Pis.
483 1275 526 1324 22.
540 1269 681 1339 *sequente
694 1278 735 1325 ut.
748 1273 797 1326 Or.
811 1276 840 1325 ii.
858 1277 900 1324 48.
914 1272 947 1325 ad
960 1273 1022 1324 Div.
1044 1289 1070 1324 x.
1091 1274 1134 1323 21.

225 1341 280 1390 ato.
296 1342 308 1389 l
330 1377 337 1389 .

235 1409 387 1462 Accsnscs.
401 1410 480 1464 Verr.
494 1415 512 1463 i.
525 1414 568 1464 28.
590 1416 645 1465 etc.
665 1413 784 1478 pacidicos
796 1411 919 1464 minister
929 1411 1134 1476 magistratuum

198 1478 297 1529 similis
312 1477 428 1532 Victori.
437 1481 465 1532 de
478 1497 528 1547 quo
537 1496 631 1547 genere
640 1481 692 1534 uid.
704 1481 816 1534 Salmas.
829 1480 893 1534 Mil.
905 1479 986 1533 Rom.
996 1496 1018 1532 c.
1033 1484 1075 1531 14.
1091 1482 1132 1531 15.

201 1546 316 1599 Fotrett.
331 1548 414 1601 Insor.
427 1566 449 1601 c.
464 1554 489 1602 6.
500 1567 528 1617 p.
546 1555 605 1603 433.

235 1618 377 1671 Aeccssro.
391 1619 484 1673 Rabir.
497 1620 571 1673 Post.
586 1625 627 1673 11.
640 1621 749 1673 accessio
758 1621 898 1682 decumae,
908 1635 960 1690 pro
972 1620 1132 1685 compendio.

201 1685 306 1739 *Verr.
324 1690 354 1740 11.
374 1692 417 1741 53.
438 1693 603 1743 accessiones
614 1692 745 1752 dicuntur,
759 1706 818 1742 cnm
836 1692 893 1756 quis
908 1696 1043 1755 remquem
1054 1689 1135 1740 irster·

197 1773 259 1824 pres
271 1764 295 1808 et
306 1759 486 1811 internuncius
499 1763 587 1812 crebro
599 1761 632 1812 od
643 1762 761 1812 homines
772 1760 875 1821 accedit,
888 1762 916 1810 h.
938 1760 957 1809 l.
975 1758 1058 1826 pretii
1074 1774 1135 1828 pos·

167 1845 169 1854 ⁴
199 1828 301 1879 tulondi
313 1844 399 1889 conso,
412 1836 436 1880 et
448 1830 477 1881 de
487 1831 575 1896 pretio
588 1846 648 1882 cum
660 1830 695 1881 iis
707 1830 814 1894 agendi.
827 1827 927 1881 *Acad
940 1830 976 1879 iv.
998 1829 1040 1880 35.
1054 1843 1135 1881 ocres-

199 1898 239 1948 sio
258 1896 430 1959 (irritationis,
452 1906 488 1950 est
508 1899 699 1961 determinatio,
719 1906 749 1951 ut
774 1899 929 1951 recentiores
949 1904 1049 1957 uocant,
1071 1914 1135 1964 qrsoe

199 1966 331 2032 adjicitur,
343 1974 373 2018 ut
384 1970 500 2020 absoluta
512 1969 546 2019 sit
557 1967 683 2033 definitio.
696 1969 732 2020 cs.
746 1968 806 2021 Fin.
820 1971 849 2020 11.
864 1972 905 2019 13.
919 1966 1022 2018 *Verr.
1036 1969 1075 2017 iii.
1089 1970 1132 2019 52.

199 2037 352 2088 accessiones
363 2052 514 2089 numorum.
528 2054 590 2090 mox
603 2038 728 2092 dicuntur
741 2037 882 2090 coroiiorio
892 2051 1043 2087 nummum.

233 2106 377 2158 Accessos.
391 2106 425 2157 ad
436 2106 499 2159 Div.
517 2109 554 2158 ix.
576 2111 617 2159 14.
636 2122 747 2159 accessus
760 2107 794 2159 ad
811 2121 929 2166 causam,
942 2110 978 2155 est
989 2105 1067 2165 ratio,
1080 2120 1133 2171 quo

198 2175 229 2227 in
240 2175 356 2227 oratione
376 2175 472 2234 sensim
491 2176 661 2241 aggredimur
672 2194 748 2242 agere
768 2178 803 2237 id,
826 2176 899 2242 cujus
919 2189 996 2224 conso
1016 2182 1132 2240 suscepto
1162 2173 1168 2182 '

197 2250 254 2295 erot
266 2245 360 2297 oratio.

232 2313 376 2367 Accsooo.
388 2331 541 2381 moroges,
554 2331 627 2368 acuo.
637 2316 686 2378 Or.
708 2318 726 2369 i.
747 2318 792 2368 25.
805 2315 945 2382 praeclare
958 2316 1032 2366 enim
1045 2331 1073 2366 se
1087 2331 1129 2368 res

197 2385 305 2443 habeat,
319 2387 340 2436 si
354 2387 421 2437 haec
441 2386 544 2437 accendi
555 2389 602 2438 aut
623 2387 786 2438 commoveri
799 2386 918 2452 possint:
937 2383 966 2434 de
987 2384 1094 2447 iugenio
1107 2392 1131 2436 et

196 2454 334 2515 memorio,
348 2470 411 2520 oreae
423 2455 483 2506 dari
494 2461 549 2506 arte
562 2461 739 2521 eoncessum,
753 2455 796 2504 sed
806 2454 866 2505 osui
877 2458 901 2504 et
913 2453 1014 2517 augeri.

232 2522 349 2575 Aecrno.
363 2522 443 2576 Prov.
456 2523 534 2576 Cons.
550 2528 591 2575 14.
617 2540 660 2577 res
676 2524 790 2575 occisae:
809 2525 828 2574 1.
849 2539 875 2575 e.
895 2528 990 2584 tenues,
1004 2523 1132 2575 imminu·

197 2598 237 2643 tac
251 2592 452 2645 cadomitotitus.

231 2661 348 2714 Acorea.
362 2662 441 2714 Verr.
462 2665 499 2715 iv.
522 2668 545 2715 1.
567 2663 601 2715 ad
620 2667 739 2716 animum
756 2664 900 2731 oculosque
912 2662 1014 2713 oceidit
1039 2662 1075 2715 cf.
1096 2663 1131 2715 ad

196 2732 259 2783 Au.
273 2734 312 2783 iii.
324 2734 368 2783 20.
387 2731 481 2785 Vatia.
502 2736 528 2785 2.
550 2734 724 2786 honorificum
736 2734 770 2786 ad
782 2749 860 2785 aures
872 2731 974 2783 assidit.
996 2732 1031 2783 cs.
1054 2732 1130 2786 Sext.

196 2803 239 2852 50.
261 2801 341 2853 Verr.
363 2804 399 2852 ir.
422 2804 464 2853 60.
485 2806 583 2855 mirum
614 2803 729 2855 nondam
747 2804 866 2856 dolorem
879 2802 992 2866 accidere
1006 2804 1047 2853 iis.
1085 2802 1130 2855 Sic

196 2869 276 2922 Verr.
290 2873 308 2922 1.
328 2872 355 2922 2.
376 2873 524 2942 pernicicm
542 2820 674 2933 accidere,
687 2878 719 2924 ut
731 2874 791 2924 vult
803 2872 976 2922 Rulrnkcnius
987 2868 1021 2919 V.
1044 2869 1074 2921 C.
1096 2871 1130 2924 ad

195 2938 282 2992 Rutii.
303 2938 337 2992 de
350 2940 392 3009 fig.
406 2958 433 3008 p.
454 2946 479 2993 3.
502 2943 580 3002 bene,
594 2945 626 2993 ut
637 2944 741 3008 opinor.
755 2942 815 2991 Mil.
836 2941 880 2990 22.
893 2941 935 2989 36.
959 2937 1063 3006 Siquid
1077 2942 1130 3009 ipsi

195 3010 302 3070 accida,
316 3013 334 3061 i.
347 3011 410 3062 esi
429 3011 619 3072 cmdemnetur,
637 3027 687 3077 per
698 3027 809 3074 ωφημιαγ.
826 3008 889 3058 Ast.
911 3009 929 3059 i.
952 3011 993 3058 14.
1015 3010 1129 3062 accidere

195 3080 276 3131 alicui
289 3079 323 3130 ad
335 3079 427 3145 pedor.
441 3080 493 3132 *in
504 3079 606 3132 Caccil.
621 3081 645 3142 1.
659 3083 767 3142 tempus
780 3076 921 3128 accidisset.

183 3205 186 3210 .
231 3149 671 3207 Acc10‚ire.Fin.v.3i.nisiea
692 3146 863 3212 voluptatem
884 3146 987 3208 acciret,
1001 3150 1020 3200 i.
1041 3164 1067 3200 e.
1087 3148 1131 3216 as-
1233 3135 1237 3142 ¹

186 3217 284 3286 ferret,
298 3216 415 3283 efficeret.

230 3288 358 3370 noereio.
375 3304 424 3370 pro
436 3301 535 3356 capere,
554 3286 697 3370 persiano.
720 3284 799 3369 Verr.
813 3288 853 3340 iii.
868 3288 910 3338 13.
927 3302 1033 3368 sensum
1045 3288 1129 3340 oculis

195 3372 337 3477 iiiii?
346 3355 1129 3492 6110110111111116121610031ῑ

195 3491 229 3552 D·
243 3495 282 3552 iii.
305 3499 329 3549 1.
350 3512 419 3571 quae
435 3512 531 3567 parum
543 3498 639 3571 occepi.
652 3496 797 3554 *nodare
815 3495 898 3554 Tusa
919 3497 956 3550 ir.
972 3498 1016 3551 36.
1037 3512 1090 3571 quo
1102 3501 1131 3550 to
