2567 4209
176 238 239 298 134
572 229 691 282 mour

174 389 305 441 liebribus
318 387 407 447 soleis,
420 387 476 438 eta.
491 381 602 440 Ὴαῠοπι
613 392 701 437 autem
713 401 808 438 nomen
818 385 859 437 ael
870 400 887 435 a
899 399 988 436 eroaea
1000 387 1093 447 colore,

173 457 214 510 uel
229 476 273 506 am
288 477 325 511 ror
338 476 417 525 egaea
434 457 461 506 b.
483 471 505 506 e.
524 456 667 506 subtemine
679 455 804 513 densiore,
823 455 889 519 quod
907 470 973 519 polae
991 456 1093 515 habam,

173 526 308 578 molliores
319 529 379 573 auat
397 531 483 584 uestes,
495 529 525 574 ut
533 530 609 589 putot
620 523 733 575 Salmas.
745 525 779 574 ad
798 523 943 589 Capitolia.
957 523 1093 578 Pertiuaa.

173 597 200 646 8.
216 589 251 645 T.
260 593 281 644 i.
300 606 362 657 pag.
376 593 436 643 547.
449 609 470 644 s.
482 592 523 643 ool
533 592 641 658 deuiam
665 594 697 642 ab
720 598 847 657 europam
866 593 934 658 quod
944 599 1024 644 vestm
1035 594 1095 644 deo·

174 664 242 716 aiore
254 658 407 725 tramosere
419 676 493 713 croco
506 660 684 728 irplcereatur.
697 662 726 711 de
735 677 765 712 eo
777 662 829 712 oid.
839 661 948 713 Ferrar.
968 661 1010 712 Re
1022 662 1052 713 V
1048 667 1093 713 est.

174 733 218 785 iii.
232 732 257 781 b.
280 745 308 796 p.
322 732 380 781 189.
393 736 418 782 et
440 746 462 782 a.
475 733 519 783 20.
530 746 558 797 p.
571 733 632 783 241.
658 729 818 781 Salmar.ad
841 730 995 782 Tertullde
1010 731 1095 797 pallio

194 817 210 852 a
230 801 307 852 ‚aaa
319 814 358 864 ep.

173 817 193 869 p
209 817 378 921 {uersuum
413 867 468 921 Pis.
482 867 508 920 9.
527 883 613 936 neque
626 869 746 935 collegae
760 869 801 920 tui
813 865 940 935 cymbala
948 873 984 919 'et
996 869 1096 919 crotala

174 937 242 1007 fugi.
278 936 329 990 Est
340 943 427 989 aulem
449 939 635 1003 crepitaculum
659 951 775 996 aeneum,
798 953 848 1001 pao
867 937 950 1006 Sproe
974 938 1097 988 oratura

175 1010 322 1065 utebantur,
335 1020 475 1071 sonumque
488 1007 574 1058 edebat
582 1022 636 1057 aare
647 1006 795 1057 absimilem
807 1008 921 1074 cymbali
932 1021 1012 1057 soree.-
1030 1006 1096 1056 uude

176 1083 201 1128 et
215 1076 343 1142 juugitur
360 1080 499 1140 utrumque
516 1091 608 1139 genua.
639 1074 669 1125 de
693 1089 722 1125 eo
741 1075 793 1126 oid
812 1081 929 1126 auctores
941 1075 1056 1126 laudalos
1068 1075 1099 1125 iu

173 1143 243 1200 Leo.
269 1143 361 1194 Fabri.
381 1142 444 1195 Iutt.
465 1145 499 1195 ad
517 1143 628 1195 Patron.
650 1159 671 1194 a.
685 1146 727 1194 67.
748 1143 892 1195 Georaemtm
904 1144 934 1195 io
951 1143 1096 1195 Cbreatom.

174 1212 254 1268 Plio.
266 1227 294 1277 p.
308 1215 367 1263 436.
386 1211 498 1268 Saluiae.
511 1214 545 1264 aa
558 1212 588 1264 V
585 1214 664 1278 opica.
678 1211 770 1263 Coria.
786 1215 826 1262 19.
843 1212 878 1264 Τ.
891 1214 922 1265 ii.
932 1228 963 1278 p.
972 1215 1032 1263 821.

212 1281 362 1341 aaronis,
389 1287 425 1332 ert
444 1282 540 1334 oitium
558 1282 685 1333 stomachi
703 1297 735 1331 er
755 1282 827 1332 reolo
850 1282 1018 1340 cooeocto‘om,
1037 1296 1098 1332 aem

177 1358 313 1415 tamquam
324 1350 398 1400 crull
410 1350 462 1401 eibi
474 1357 621 1402 eoaeosmut
633 1351 663 1401 in
671 1366 717 1401 eo:
736 1351 940 1415 intemperantia
951 1350 1050 1401 edendi.
1063 1349 1098 1401 ad
1130 1369 1146 1417 ⁷.

178 1419 242 1473 Dio.
252 1420 289 1470 ix.
305 1421 344 1468 18.
357 1418 483 1478 auditote
497 1422 580 1471 satius
589 1425 632 1471 ast
643 1420 696 1478 hic,
709 1435 790 1486 quam
811 1421 874 1472 istie
886 1421 967 1471 tame.
980 1419 1043 1470 ibid.
1052 1435 1098 1471 xv.

179 1493 223 1541 77.
236 1486 269 1538 Ι).
284 1487 358 1538 Sulla
370 1494 490 1540 manuus
501 1489 637 1539 armillata.

214 1556 333 1615 Caunus,
353 1557 399 1621 pue·
410 1558 535 1608 auditote
548 1558 658 1610 laborat.
678 1555 737 1607 Fiu.
752 1557 779 1607 ii.
790 1561 819 1608 8.
838 1560 916 1616 asoti,
930 1557 1016 1624 quiin
1026 1572 1100 1608 men·

179 1641 238 1680 sam
250 1629 368 1684 vomani,
382 1626 503 1690 untdique
524 1626 654 1692 postridie
667 1640 695 1677 se
708 1641 797 1677 rursus
811 1629 985 1695 ingurgitent.
1021 1626 1099 1677 Orat.

180 1699 202 1752 i.
214 1697 258 1747 27.
276 1695 363 1746 uoluit
375 1694 453 1747 hodie
465 1710 546 1763 agere
560 1695 678 1751 Roscius,
690 1701 738 1745 out
750 1696 857 1746 cmdior
868 1696 930 1748 fuit.
949 1694 964 1727 *
976 1695 1101 1747 immatu-

181 1775 237 1826 rut.
250 1760 427 1828 despectibus
446 1766 581 1816 arborum.
616 1762 695 1816 Cato.
712 1766 752 1814 19.
771 1766 847 1831 quasi
860 1781 941 1831 poma
952 1779 986 1815 ex
998 1764 1100 1816 arbori·

180 1834 241 1892 bus,
250 1833 331 1884 cruda
342 1833 364 1884 si
376 1835 439 1893 sint,
449 1837 505 1885 eta
518 1830 554 1899 es.
566 1832 679 1885 Solmas.
692 1833 726 1882 ad
736 1831 821 1884 Solia.
831 1850 860 1898 p.
872 1836 933 1885 252.

218 1901 339 1953 Causas.
377 1901 454 1955 Verr.
468 1904 505 1953 iv.
519 1904 562 1953 23.
589 1902 688 1954 Omnia
708 1899 784 1970 (vasa
803 1901 1098 1973 caelata)deferuntur.

172 1968 331 2037 ¹Cibyratae
351 1969 448 2023 iratres
461 1975 605 2023 vocantur:
624 1987 710 2037 pauca
731 1972 900 2037 improbant:
920 1986 988 2038 quaa
1006 1972 1101 2036 proba·

184 2044 256 2098 rant,
277 2039 309 2089 iis
333 2045 432 2090 ararim
452 2044 500 2091 aut
519 2041 685 2092 emblemata
704 2038 890 2093 detrahuntur.
927 2039 995 2091 Sum
1014 2045 1102 2089 autem

184 2110 293 2163 crustae
305 2114 457 2159 oritameata
468 2122 590 2159 uasorum
601 2115 793 2172 argenteorum,
805 2116 940 2174 tamquam
951 2109 1101 2166 simulacra,

187 2191 266 2241 eaque
287 2176 444 2227 extrinsecae
455 2177 572 2239 alligato,
593 2178 636 2229 sed
654 2178 755 2229 diuersa
773 2179 805 2227 ab
825 2177 994 2230 emblematis.
1028 2175 1103 2227 Nam

186 2246 354 2303 emblemata
364 2253 424 2298 runt
435 2245 525 2309 sigillo
535 2246 628 2297 statuis
637 2247 746 2304 similia,
756 2248 783 2297 b.
795 2263 817 2297 e.
831 2263 894 2310 puae
903 2253 984 2299 totam
992 2262 1020 2297 ea
1030 2244 1104 2296 omui

184 2319 261 2381 porte
273 2329 331 2364 rem
342 2315 501 2378 caprimum,
515 2319 621 2365 crustae
633 2322 721 2366 autem
731 2330 814 2365 uuum
825 2322 928 2367 loretum
942 2315 1009 2365 latur
1021 2320 1103 2365 osteo-

188 2381 261 2442 duut‚
273 2393 352 2447 mque
364 2384 426 2435 adea
449 2384 563 2435 emineat
573 2400 747 2449 magnopere.-
765 2383 813 2435 Gr.
825 2404 944 2455 regmen
959 2390 1057 2441 aoaout,
1073 2388 1103 2432 ut

189 2452 350 2510 entblemata
368 2468 477 2523 aquaeve.
495 2468 520 2502 o.
536 2453 598 2503 boec
614 2453 694 2503 lotias
705 2453 878 2517 disputantem
888 2452 1000 2503 Salmas.
1012 2452 1046 2501 ad
1056 2450 1104 2502 So-

189 2520 238 2573 tin.
249 2535 313 2586 pag.
326 2524 384 2573 736.
421 2518 493 2572 Hinc
505 2522 686 2587 vasa'potoria
697 2526 818 2572 crustata
828 2537 872 2585 op.
885 2520 1033 2571 Festumiu
1051 2520 1104 2570 Ta-

189 2590 291 2642 bernae
303 2591 450 2643 cenatoriae
461 2596 486 2641 el
497 2588 648 2644 Crustarius
661 2589 758 2656 ortisea
777 2591 848 2655 opud
860 2588 935 2642 Plio,
948 2590 1045 2639 cciiii.
1060 2591 1100 2639 12.

189 2656 303 2711 Crustae
313 2659 435 2710 dicuutur
446 2674 547 2724 semper
557 2659 586 2711 de
599 2675 635 2719 eo,
649 2675 699 2723 pao
708 2674 749 2710 ree
757 2660 847 2723 aliaue
857 2658 991 2709 inducitur
1002 2664 1026 2708 et
1038 2664 1105 2708 torro·

191 2742 270 2792 quoru
290 2728 424 2785 loricatum
444 2727 499 2777 siue
519 2728 574 2777 alla
592 2725 742 2779 amimalia.
778 2727 864 2778 Notae
883 2734 942 2778 suut
954 2730 1060 2779 crustae
1074 2726 1105 2776 ire

190 2796 311 2860 operibus
329 2795 460 2847 tessellatis
471 2802 495 2846 et
517 2797 710 2861 mammarum
730 2813 783 2847 noo
805 2797 927 2854 oblimat,
939 2797 981 2847 sed
998 2796 1028 2845 io
1039 2795 1104 2845 calae

190 2869 257 2914 totae
270 2864 356 2924 latam,
370 2880 400 2915 ac
410 2879 495 2914 uuum
506 2872 607 2916 tautum
620 2866 686 2915 betur
700 2866 828 2916 calibem.
863 2863 918 2929 Ap.
932 2863 1006 2916 Pare
1016 2863 1104 2913 auaui.

117 2953 125 2963 ¹
191 2934 218 2984 6.
237 2931 379 2984 Mamurra
388 2933 493 2998 primus
506 2932 605 2985 Romae
614 2934 711 2984 duitor
718 2938 836 3000 parietes
845 2935 935 2984 domus
947 2948 1006 2982 mae
1015 2937 1105 2985 crusta

190 3003 329 3053 marmoris
341 3004 486 3069 operuisse.
523 3001 614 3066 Ipsum
630 3005 784 3062 tectorium,
801 3018 850 3067 puo
860 3003 972 3067 parietes
983 3001 1105 3065 operime-
1147 3020 1161 3036 x

190 3076 243 3129 tur,
257 3077 348 3123 crusta
369 3071 495 3138 parisiae,
516 3072 621 3122 diadar.
654 3069 687 3122 lu
699 3073 786 3135 lignea
797 3070 958 3136 supellectili,
971 3075 1105 3132 tamquam·

189 3140 294 3199 mensis,
304 3141 381 3198 orcis.
395 3146 441 3190 ete.
460 3138 587 3190 Germani
594 3146 701 3190 uocaui.-
719 3141 857 3204 eingelegte
869 3139 971 3190 Arbeit.

224 3207 340 3268 Cassiae,
360 3210 437 3266 meus,
451 3205 587 3271 ubiferoe
600 3210 701 3265 cubare.
723 3209 837 3262 dormire
858 3208 946 3259 soleat.
982 3205 1061 3257 Verr.
1076 3207 1104 3257 ii.

191 3279 232 3328 77.
252 3281 369 3344 nonjam
381 3279 504 3344 vestigia,
518 3276 564 3327 scd
578 3278 636 3342 ipsa
648 3278 744 3328 mabilia
756 3278 848 3329 videre
861 3278 972 3343 possint.

224 3345 341 3403 Caurus,
361 3345 496 3397 oictuiout
503 3345 605 3396 babitui
611 3345 728 3410 junctus,
741 3346 873 3412 signifieat
883 3344 1012 3403 uestium,
1025 3343 1106 3394 iuter·

188 3411 252 3465 dum
263 3415 343 3466 etiam
355 3414 536 3480 supellectilem
549 3429 652 3465 omnem
672 3422 886 3480 apparatumque,
899 3420 924 3464 et
943 3412 1046 3464 oioeadi
1064 3426 1108 3462 ra-

189 3481 441 3537 timemeateraom.
459 3482 494 3535 ad
514 3482 576 3534 Die.
589 3484 627 3537 ix.
639 3487 666 3537 3.
685 3484 806 3537 dabimus
827 3497 978 3535 sermonem
998 3482 1038 3544 iis,
1059 3482 1106 3547 qui
1160 3487 1173 3506 s
