<?xml version="1.0" encoding="UTF-8"?>
<!DOCTYPE html PUBLIC "-//W3C//DTD XHTML 1.0 Transitional//EN"
    "http://www.w3.org/TR/xhtml1/DTD/xhtml1-transitional.dtd">
<html xmlns="http://www.w3.org/1999/xhtml" xml:lang="en" lang="en">
 <head>
  <title>
</title>
<meta http-equiv="Content-Type" content="text/html;charset=utf-8" />
  <meta name='ocr-system' content='tesseract 3.04.00' />
  <meta name='ocr-capabilities' content='ocr_page ocr_carea ocr_par ocr_line ocrx_word'/>
</head>
<body>
  <div class='ocr_page' id='page_1' title='image "./joavgvstiernest00ernegoog_0047.png"; bbox 0 0 2567 4209; ppageno 0'>
   <div class='ocr_carea' id='block_1_1' title="bbox 479 356 1076 425">
    <p class='ocr_par' dir='ltr' id='par_1_1' title="bbox 479 356 1076 425">
     <span class='ocr_line' id='line_1_1' title="bbox 479 356 1076 425; baseline -0.003 -12"><span class='ocrx_word' id='word_1_1' title='bbox 479 356 736 413; x_wconf 78' lang='lat' dir='ltr'><strong><em>narrnrrnrrs</em></strong></span> <span class='ocrx_word' id='word_1_2' title='bbox 1034 366 1076 425; x_wconf 72' lang='lat'><strong><em>39</em></strong></span> 
     </span>
    </p>
   </div>
   <div class='ocr_carea' id='block_1_2' title="bbox 47 495 1073 570">
    <p class='ocr_par' dir='ltr' id='par_1_2' title="bbox 47 495 1073 570">
     <span class='ocr_line' id='line_1_2' title="bbox 47 495 1073 570; baseline 0.008 -9"><span class='ocrx_word' id='word_1_3' title='bbox 47 495 53 496; x_wconf 11' lang='grc' dir='ltr'><em>ἢ</em></span> <span class='ocrx_word' id='word_1_4' title='bbox 149 511 417 567; x_wconf 69' lang='lat' dir='ltr'><strong><em>ssoe&#39;usomueuoe.</em></strong></span> <span class='ocrx_word' id='word_1_5' title='bbox 454 514 661 567; x_wconf 75' lang='lat' dir='ltr'><strong><em>nst.xirr·.1e.</em></strong></span> <span class='ocrx_word' id='word_1_6' title='bbox 686 514 785 566; x_wconf 70' lang='lat' dir='ltr'><strong><em>motas</em></strong></span> <span class='ocrx_word' id='word_1_7' title='bbox 809 515 918 569; x_wconf 76' lang='lat' dir='ltr'><strong><em>imbres.</em></strong></span> <span class='ocrx_word' id='word_1_8' title='bbox 940 514 1005 569; x_wconf 78' lang='lat' dir='ltr'><strong><em>riso.</em></strong></span> <span class='ocrx_word' id='word_1_9' title='bbox 1032 521 1073 570; x_wconf 80' lang='lat' dir='ltr'><strong><em>ss.</em></strong></span> 
     </span>
    </p>
   </div>
   <div class='ocr_carea' id='block_1_3' title="bbox 152 582 1138 929">
    <p class='ocr_par' dir='ltr' id='par_1_3' title="bbox 152 582 1138 929">
     <span class='ocr_line' id='line_1_3' title="bbox 152 582 1138 652; baseline 0.006 -19"><span class='ocrx_word' id='word_1_10' title='bbox 152 584 268 635; x_wconf 83' lang='lat' dir='ltr'><strong><em>assiduus</em></strong></span> <span class='ocrx_word' id='word_1_11' title='bbox 290 600 389 635; x_wconf 78' lang='lat' dir='ltr'><strong><em>cumas.</em></strong></span> <span class='ocrx_word' id='word_1_12' title='bbox 410 582 502 634; x_wconf 88' lang='lat' dir='ltr'><strong><em>Plane.</em></strong></span> <span class='ocrx_word' id='word_1_13' title='bbox 523 587 548 633; x_wconf 87' lang='lat'><strong><em>8.</em></strong></span> <span class='ocrx_word' id='word_1_14' title='bbox 561 584 667 634; x_wconf 87' lang='lat' dir='ltr'><strong><em>assiduo</em></strong></span> <span class='ocrx_word' id='word_1_15' title='bbox 687 584 849 652; x_wconf 79' lang='lat' dir='ltr'><strong>frequentia.</strong></span> <span class='ocrx_word' id='word_1_16' title='bbox 863 587 897 637; x_wconf 83' lang='lat' dir='ltr'><strong><em>ad</em></strong></span> <span class='ocrx_word' id='word_1_17' title='bbox 918 586 980 637; x_wconf 90' lang='lat' dir='ltr'><strong><em>Dir.</em></strong></span> <span class='ocrx_word' id='word_1_18' title='bbox 995 587 1032 639; x_wconf 88' lang='lat' dir='ltr'><strong><em>iv.</em></strong></span> <span class='ocrx_word' id='word_1_19' title='bbox 1048 593 1074 639; x_wconf 88' lang='grc'><strong><em>7.</em></strong></span> <span class='ocrx_word' id='word_1_20' title='bbox 1135 599 1138 610; x_wconf 90' lang='grc'><strong><em>·</em></strong></span> 
     </span>
     <span class='ocr_line' id='line_1_4' title="bbox 152 651 1077 721; baseline 0.008 -20"><span class='ocrx_word' id='word_1_21' title='bbox 152 653 267 704; x_wconf 87' lang='lat' dir='ltr'><strong><em>assiduae</em></strong></span> <span class='ocrx_word' id='word_1_22' title='bbox 291 653 431 705; x_wconf 76' lang='lat' dir='ltr'>lacrimae.</span> <span class='ocrx_word' id='word_1_23' title='bbox 452 651 516 703; x_wconf 85' lang='lat' dir='ltr'>ibid.</span> <span class='ocrx_word' id='word_1_24' title='bbox 537 668 564 703; x_wconf 80' lang='lat' dir='ltr'><strong><em>x.</em></strong></span> <span class='ocrx_word' id='word_1_25' title='bbox 585 655 628 703; x_wconf 85' lang='lat'><strong><em>21.</em></strong></span> <span class='ocrx_word' id='word_1_26' title='bbox 645 653 780 705; x_wconf 80' lang='lat' dir='ltr'>febricula</span> <span class='ocrx_word' id='word_1_27' title='bbox 799 655 911 715; x_wconf 87' lang='lat' dir='ltr'><strong><em>assiduo,</em></strong></span> <span class='ocrx_word' id='word_1_28' title='bbox 925 671 984 721; x_wconf 76' lang='lat' dir='ltr'><strong><em>opp.</em></strong></span> <span class='ocrx_word' id='word_1_29' title='bbox 997 654 1077 709; x_wconf 78' lang='lat' dir='ltr'><strong><em>irater·</em></strong></span> 
     </span>
     <span class='ocr_line' id='line_1_5' title="bbox 152 720 908 784; baseline 0.005 -13"><span class='ocrx_word' id='word_1_30' title='bbox 152 720 274 773; x_wconf 82' lang='lat' dir='ltr'><strong><em>mittenti.</em></strong></span> <span class='ocrx_word' id='word_1_31' title='bbox 311 721 394 774; x_wconf 88' lang='lat' dir='ltr'><strong><em>Verr.</em></strong></span> <span class='ocrx_word' id='word_1_32' title='bbox 408 724 427 772; x_wconf 90' lang='lat' dir='ltr'><strong><em>i.</em></strong></span> <span class='ocrx_word' id='word_1_33' title='bbox 441 723 483 772; x_wconf 82' lang='grc'><strong><em>30.</em></strong></span> <span class='ocrx_word' id='word_1_34' title='bbox 496 721 600 772; x_wconf 86' lang='lat' dir='ltr'><strong><em>assidua</em></strong></span> <span class='ocrx_word' id='word_1_35' title='bbox 612 725 843 784; x_wconf 81' lang='lat' dir='ltr'><strong><em>commemoratio,</em></strong></span> <span class='ocrx_word' id='word_1_36' title='bbox 852 729 908 775; x_wconf 86' lang='lat' dir='ltr'><strong><em>eie.</em></strong></span> 
     </span>
     <span class='ocr_line' id='line_1_6' title="bbox 183 791 1073 855; baseline 0.004 -13"><span class='ocrx_word' id='word_1_37' title='bbox 183 791 358 842; x_wconf 77' lang='lat' dir='ltr'><strong><em>Assinarrss.</em></strong></span> <span class='ocrx_word' id='word_1_38' title='bbox 379 795 402 842; x_wconf 89' lang='lat' dir='ltr'><strong><em>i.</em></strong></span> <span class='ocrx_word' id='word_1_39' title='bbox 418 796 544 855; x_wconf 77' lang='lat' dir='ltr'><strong><em>perpetua</em></strong></span> <span class='ocrx_word' id='word_1_40' title='bbox 562 791 730 855; x_wconf 66' lang='lat' dir='ltr'><strong><em>pruseruia:</em></strong></span> <span class='ocrx_word' id='word_1_41' title='bbox 749 797 779 846; x_wconf 80' lang='lat' dir='ltr'><strong><em>ut</em></strong></span> <span class='ocrx_word' id='word_1_42' title='bbox 791 793 820 843; x_wconf 84' lang='lat' dir='ltr'><strong><em>de</em></strong></span> <span class='ocrx_word' id='word_1_43' title='bbox 837 793 968 845; x_wconf 84' lang='lat' dir='ltr'><strong><em>aduocatis</em></strong></span> <span class='ocrx_word' id='word_1_44' title='bbox 980 794 1073 846; x_wconf 82' lang='lat' dir='ltr'><strong><em>Piens.</em></strong></span> 
     </span>
     <span class='ocr_line' id='line_1_7' title="bbox 152 858 1076 929; baseline 0.004 -19"><span class='ocrx_word' id='word_1_45' title='bbox 152 862 193 910; x_wconf 93' lang='grc'><strong><em>11.</em></strong></span> <span class='ocrx_word' id='word_1_46' title='bbox 215 859 291 912; x_wconf 83' lang='lat' dir='ltr'><strong><em>Sext.</em></strong></span> <span class='ocrx_word' id='word_1_47' title='bbox 304 863 331 912; x_wconf 86' lang='grc'><strong><em>3.</em></strong></span> <span class='ocrx_word' id='word_1_48' title='bbox 352 860 445 912; x_wconf 84' lang='lat' dir='ltr'><strong><em>Piene.</em></strong></span> <span class='ocrx_word' id='word_1_49' title='bbox 461 862 505 910; x_wconf 79' lang='lat' dir='ltr'><strong><em>at.</em></strong></span> <span class='ocrx_word' id='word_1_50' title='bbox 542 858 636 911; x_wconf 87' lang='lat' dir='ltr'><strong><em>Vaiuit</em></strong></span> <span class='ocrx_word' id='word_1_51' title='bbox 656 860 826 918; x_wconf 77' lang='lat' dir='ltr'><strong><em>assiduitates</em></strong></span> <span class='ocrx_word' id='word_1_52' title='bbox 853 877 918 926; x_wconf 89' lang='lat' dir='ltr'><strong><em>quae</em></strong></span> <span class='ocrx_word' id='word_1_53' title='bbox 938 865 1076 929; x_wconf 65' lang='grc' dir='ltr'><strong><em>ατίξοχην</em></strong></span> 
     </span>
    </p>
   </div>
   <div class='ocr_carea' id='block_1_4' title="bbox 150 926 1168 995">
    <p class='ocr_par' dir='ltr' id='par_1_4' title="bbox 150 926 1168 995">
     <span class='ocr_line' id='line_1_8' title="bbox 150 926 1168 995; baseline 0 -17"><span class='ocrx_word' id='word_1_54' title='bbox 150 928 256 990; x_wconf 82' lang='lat' dir='ltr'><strong><em>dieitur,</em></strong></span> <span class='ocrx_word' id='word_1_55' title='bbox 270 945 330 981; x_wconf 84' lang='lat' dir='ltr'><strong><em>oum</em></strong></span> <span class='ocrx_word' id='word_1_56' title='bbox 343 931 400 994; x_wconf 88' lang='lat' dir='ltr'><strong><em>quis</em></strong></span> <span class='ocrx_word' id='word_1_57' title='bbox 410 934 535 995; x_wconf 70' lang='lat' dir='ltr'><strong><em>uopetuo</em></strong></span> <span class='ocrx_word' id='word_1_58' title='bbox 546 926 648 979; x_wconf 83' lang='lat' dir='ltr'><strong><em>Rornae</em></strong></span> <span class='ocrx_word' id='word_1_59' title='bbox 660 936 705 988; x_wconf 87' lang='lat' dir='ltr'><strong><em>est,</em></strong></span> <span class='ocrx_word' id='word_1_60' title='bbox 717 929 749 980; x_wconf 90' lang='lat' dir='ltr'><strong><em>in</em></strong></span> <span class='ocrx_word' id='word_1_61' title='bbox 759 930 860 984; x_wconf 84' lang='lat' dir='ltr'><strong><em>ciuium</em></strong></span> <span class='ocrx_word' id='word_1_62' title='bbox 871 930 962 989; x_wconf 83' lang='lat' dir='ltr'><strong><em>ocutis,</em></strong></span> <span class='ocrx_word' id='word_1_63' title='bbox 975 936 1042 994; x_wconf 85' lang='lat' dir='ltr'><strong><em>qued</em></strong></span> <span class='ocrx_word' id='word_1_64' title='bbox 1049 945 1079 979; x_wconf 87' lang='lat' dir='ltr'><strong><em>ea</em></strong></span> <span class='ocrx_word' id='word_1_65' title='bbox 1165 961 1168 968; x_wconf 46' lang='lat'><strong><em>.</em></strong></span> 
     </span>
    </p>
   </div>
   <div class='ocr_carea' id='block_1_5' title="bbox 153 998 1080 1479">
    <p class='ocr_par' dir='ltr' id='par_1_5' title="bbox 153 998 1080 1479">
     <span class='ocr_line' id='line_1_9' title="bbox 153 998 1079 1066; baseline -0.001 -17"><span class='ocrx_word' id='word_1_66' title='bbox 153 1012 194 1050; x_wconf 81' lang='lat' dir='ltr'><strong><em>res</em></strong></span> <span class='ocrx_word' id='word_1_67' title='bbox 206 999 386 1064; x_wconf 75' lang='lat' dir='ltr'><strong><em>adpetitiones</em></strong></span> <span class='ocrx_word' id='word_1_68' title='bbox 398 998 515 1066; x_wconf 73' lang='lat' dir='ltr'><strong><em>prodesse</em></strong></span> <span class='ocrx_word' id='word_1_69' title='bbox 532 1004 651 1063; x_wconf 70' lang='lat' dir='ltr'><strong><em>quatur,</em></strong></span> <span class='ocrx_word' id='word_1_70' title='bbox 664 1005 689 1049; x_wconf 90' lang='lat' dir='ltr'><strong><em>et</em></strong></span> <span class='ocrx_word' id='word_1_71' title='bbox 698 1005 837 1064; x_wconf 79' lang='lat' dir='ltr'><strong><em>propteroa</em></strong></span> <span class='ocrx_word' id='word_1_72' title='bbox 854 999 927 1051; x_wconf 81' lang='lat' dir='ltr'><strong><em>inter</em></strong></span> <span class='ocrx_word' id='word_1_73' title='bbox 944 998 1079 1064; x_wconf 76' lang='lat' dir='ltr'><strong><em>praesidia</em></strong></span> 
     </span>
     <span class='ocr_line' id='line_1_10' title="bbox 153 1066 1079 1137; baseline 0.001 -19"><span class='ocrx_word' id='word_1_74' title='bbox 153 1068 312 1134; x_wconf 77' lang='lat' dir='ltr'><strong><em>petitionum</em></strong></span> <span class='ocrx_word' id='word_1_75' title='bbox 323 1075 551 1120; x_wconf 81' lang='lat' dir='ltr'><strong><em>commemoratur.</em></strong></span> <span class='ocrx_word' id='word_1_76' title='bbox 588 1066 667 1118; x_wconf 89' lang='lat' dir='ltr'><strong><em>Verr.</em></strong></span> <span class='ocrx_word' id='word_1_77' title='bbox 678 1070 695 1118; x_wconf 92' lang='lat' dir='ltr'><strong><em>i.</em></strong></span> <span class='ocrx_word' id='word_1_78' title='bbox 706 1071 816 1127; x_wconf 69' lang='grc'><strong>33111,</strong></span> <span class='ocrx_word' id='word_1_79' title='bbox 829 1068 903 1137; x_wconf 86' lang='lat' dir='ltr'><strong><em>quad</em></strong></span> <span class='ocrx_word' id='word_1_80' title='bbox 912 1069 1079 1134; x_wconf 80' lang='lat' dir='ltr'><strong><em>levissimum</em></strong></span> 
     </span>
     <span class='ocr_line' id='line_1_11' title="bbox 156 1135 1080 1205; baseline -0.002 -18"><span class='ocrx_word' id='word_1_81' title='bbox 156 1139 210 1194; x_wconf 87' lang='lat' dir='ltr'><strong><em>est,</em></strong></span> <span class='ocrx_word' id='word_1_82' title='bbox 224 1137 370 1189; x_wconf 73' lang='lat' dir='ltr'><strong><em>assiduitate</em></strong></span> <span class='ocrx_word' id='word_1_83' title='bbox 382 1164 394 1177; x_wconf 95' lang='lat'><em>-</em></span> <span class='ocrx_word' id='word_1_84' title='bbox 405 1165 417 1177; x_wconf 93' lang='lat'><em>-</em></span> <span class='ocrx_word' id='word_1_85' title='bbox 428 1138 513 1205; x_wconf 77' lang='lat' dir='ltr'><strong><em>gratis</em></strong></span> <span class='ocrx_word' id='word_1_86' title='bbox 525 1141 634 1202; x_wconf 86' lang='lat' dir='ltr'><strong><em>praetor</em></strong></span> <span class='ocrx_word' id='word_1_87' title='bbox 647 1135 733 1189; x_wconf 88' lang='lat' dir='ltr'><strong><em>iaetus</em></strong></span> <span class='ocrx_word' id='word_1_88' title='bbox 745 1142 797 1189; x_wconf 82' lang='lat' dir='ltr'><strong><em>est.</em></strong></span> <span class='ocrx_word' id='word_1_89' title='bbox 810 1136 917 1189; x_wconf 85' lang='lat' dir='ltr'><strong><em>Mareu.</em></strong></span> <span class='ocrx_word' id='word_1_90' title='bbox 931 1140 956 1189; x_wconf 85' lang='grc'><strong><em>9.</em></strong></span> <span class='ocrx_word' id='word_1_91' title='bbox 969 1136 1080 1187; x_wconf 85' lang='lat' dir='ltr'><strong><em>assidui·</em></strong></span> 
     </span>
     <span class='ocr_line' id='line_1_12' title="bbox 156 1204 1079 1273; baseline -0.002 -16"><span class='ocrx_word' id='word_1_92' title='bbox 156 1205 218 1257; x_wconf 88' lang='lat' dir='ltr'><strong><em>tatis</em></strong></span> <span class='ocrx_word' id='word_1_93' title='bbox 230 1210 312 1272; x_wconf 87' lang='lat' dir='ltr'><strong><em>putat</em></strong></span> <span class='ocrx_word' id='word_1_94' title='bbox 323 1221 381 1259; x_wconf 88' lang='lat' dir='ltr'><strong><em>esse</em></strong></span> <span class='ocrx_word' id='word_1_95' title='bbox 393 1206 569 1259; x_wconf 80' lang='lat' dir='ltr'><strong><em>somniatum.</em></strong></span> <span class='ocrx_word' id='word_1_96' title='bbox 612 1204 650 1256; x_wconf 89' lang='lat' dir='ltr'><strong><em>N.</em></strong></span> <span class='ocrx_word' id='word_1_97' title='bbox 663 1205 696 1256; x_wconf 89' lang='lat' dir='ltr'><strong><em>ii.</em></strong></span> <span class='ocrx_word' id='word_1_98' title='bbox 712 1209 740 1257; x_wconf 87' lang='lat' dir='ltr'><strong><em>ii.</em></strong></span> <span class='ocrx_word' id='word_1_99' title='bbox 753 1209 796 1258; x_wconf 88' lang='grc'><strong><em>38.</em></strong></span> <span class='ocrx_word' id='word_1_100' title='bbox 806 1207 943 1260; x_wconf 50' lang='lat' dir='ltr'><strong><em>minuitas</em></strong></span> <span class='ocrx_word' id='word_1_101' title='bbox 961 1205 1079 1273; x_wconf 84' lang='lat' dir='ltr'><strong><em>quotidi-</em></strong></span> 
     </span>
     <span class='ocr_line' id='line_1_13' title="bbox 154 1275 1076 1340; baseline 0.001 -15"><span class='ocrx_word' id='word_1_102' title='bbox 154 1290 205 1326; x_wconf 89' lang='lat' dir='ltr'><strong><em>ana</em></strong></span> <span class='ocrx_word' id='word_1_103' title='bbox 213 1291 221 1333; x_wconf 77' lang='lat'><em>3</em></span> <span class='ocrx_word' id='word_1_104' title='bbox 240 1276 270 1326; x_wconf 90' lang='lat' dir='ltr'><strong><em>de</em></strong></span> <span class='ocrx_word' id='word_1_105' title='bbox 283 1277 359 1327; x_wconf 80' lang='lat' dir='ltr'><strong><em>retas</em></strong></span> <span class='ocrx_word' id='word_1_106' title='bbox 370 1275 526 1335; x_wconf 72' lang='lat' dir='ltr'><strong><em>melonibus,</em></strong></span> <span class='ocrx_word' id='word_1_107' title='bbox 540 1290 603 1339; x_wconf 87' lang='lat' dir='ltr'><strong><em>quas</em></strong></span> <span class='ocrx_word' id='word_1_108' title='bbox 616 1276 728 1340; x_wconf 74' lang='lat' dir='ltr'><strong><em>quotidie</em></strong></span> <span class='ocrx_word' id='word_1_109' title='bbox 740 1276 865 1328; x_wconf 85' lang='lat' dir='ltr'><strong><em>videmus.</em></strong></span> <span class='ocrx_word' id='word_1_110' title='bbox 900 1277 962 1328; x_wconf 76' lang='lat' dir='ltr'><strong><em>Ati.</em></strong></span> <span class='ocrx_word' id='word_1_111' title='bbox 976 1277 1076 1327; x_wconf 60' lang='grc'><strong>111310</strong></span> 
     </span>
     <span class='ocr_line' id='line_1_14' title="bbox 154 1344 1080 1410; baseline -0.002 -15"><span class='ocrx_word' id='word_1_112' title='bbox 154 1344 292 1402; x_wconf 81' lang='lat' dir='ltr'><strong><em>assiduitas</em></strong></span> <span class='ocrx_word' id='word_1_113' title='bbox 315 1344 422 1397; x_wconf 83' lang='lat' dir='ltr'><strong><em>medici.</em></strong></span> <span class='ocrx_word' id='word_1_114' title='bbox 444 1346 470 1396; x_wconf 87' lang='lat'><strong><em>2.</em></strong></span> <span class='ocrx_word' id='word_1_115' title='bbox 495 1344 636 1405; x_wconf 71' lang='lat' dir='ltr'><strong><em>associatio,</em></strong></span> <span class='ocrx_word' id='word_1_116' title='bbox 656 1357 737 1410; x_wconf 77' lang='lat' dir='ltr'><strong><em>neqsu</em></strong></span> <span class='ocrx_word' id='word_1_117' title='bbox 760 1345 845 1397; x_wconf 81' lang='lat' dir='ltr'><strong><em>sotum</em></strong></span> <span class='ocrx_word' id='word_1_118' title='bbox 864 1345 1022 1403; x_wconf 78' lang='lat' dir='ltr'><strong><em>tenuiorum,</em></strong></span> <span class='ocrx_word' id='word_1_119' title='bbox 1036 1344 1080 1394; x_wconf 82' lang='lat' dir='ltr'><strong><em>seri</em></strong></span> 
     </span>
     <span class='ocr_line' id='line_1_15' title="bbox 155 1412 1078 1479; baseline 0 -15"><span class='ocrx_word' id='word_1_120' title='bbox 155 1415 235 1465; x_wconf 86' lang='lat' dir='ltr'><strong><em>etiam</em></strong></span> <span class='ocrx_word' id='word_1_121' title='bbox 258 1414 431 1466; x_wconf 74' lang='lat' dir='ltr'><strong><em>salutatorum</em></strong></span> <span class='ocrx_word' id='word_1_122' title='bbox 446 1413 610 1479; x_wconf 63' lang='lat' dir='ltr'><strong><em>qmrsoiqsurn.</em></strong></span> <span class='ocrx_word' id='word_1_123' title='bbox 657 1412 712 1470; x_wconf 76' lang='lat' dir='ltr'><strong><em>(tn.</em></strong></span> <span class='ocrx_word' id='word_1_124' title='bbox 726 1414 770 1467; x_wconf 85' lang='lat' dir='ltr'><strong><em>Fr.</em></strong></span> <span class='ocrx_word' id='word_1_125' title='bbox 784 1417 802 1466; x_wconf 95' lang='lat' dir='ltr'><strong><em>i.</em></strong></span> <span class='ocrx_word' id='word_1_126' title='bbox 816 1417 842 1466; x_wconf 86' lang='grc'><strong><em>3.</em></strong></span> <span class='ocrx_word' id='word_1_127' title='bbox 861 1413 1020 1468; x_wconf 83' lang='lat' dir='ltr'><strong><em>Hortensius</em></strong></span> <span class='ocrx_word' id='word_1_128' title='bbox 1033 1428 1078 1476; x_wconf 75' lang='lat' dir='ltr'><strong><em>me</em></strong></span> 
     </span>
    </p>
   </div>
   <div class='ocr_carea' id='block_1_6' title="bbox 158 1482 1164 1551">
    <p class='ocr_par' dir='ltr' id='par_1_6' title="bbox 158 1482 1164 1551">
     <span class='ocr_line' id='line_1_16' title="bbox 158 1482 1164 1551; baseline -0.001 -18"><span class='ocrx_word' id='word_1_129' title='bbox 158 1497 263 1535; x_wconf 90' lang='lat' dir='ltr'><strong><em>summa</em></strong></span> <span class='ocrx_word' id='word_1_130' title='bbox 283 1485 454 1537; x_wconf 79' lang='lat' dir='ltr'><strong><em>simulatione</em></strong></span> <span class='ocrx_word' id='word_1_131' title='bbox 475 1486 582 1543; x_wconf 89' lang='lat' dir='ltr'><strong><em>amoris,</em></strong></span> <span class='ocrx_word' id='word_1_132' title='bbox 595 1498 751 1551; x_wconf 85' lang='lat' dir='ltr'><strong><em>summaque</em></strong></span> <span class='ocrx_word' id='word_1_133' title='bbox 763 1484 911 1535; x_wconf 66' lang='lat' dir='ltr'><strong><em>asnduitate</em></strong></span> <span class='ocrx_word' id='word_1_134' title='bbox 924 1482 1079 1551; x_wconf 84' lang='lat' dir='ltr'><strong><em>quotidiana</em></strong></span> <span class='ocrx_word' id='word_1_135' title='bbox 1162 1513 1164 1518; x_wconf 68' lang='lat'><strong><em>,</em></strong></span> 
     </span>
    </p>
   </div>
   <div class='ocr_carea' id='block_1_7' title="bbox 156 1551 1078 1884">
    <p class='ocr_par' dir='ltr' id='par_1_7' title="bbox 156 1551 1078 1884">
     <span class='ocr_line' id='line_1_17' title="bbox 158 1551 1077 1620; baseline -0.002 -17"><span class='ocrx_word' id='word_1_136' title='bbox 158 1553 367 1605; x_wconf 80' lang='lat' dir='ltr'><strong><em>sceleratissime</em></strong></span> <span class='ocrx_word' id='word_1_137' title='bbox 387 1552 642 1620; x_wconf 82' lang='lat' dir='ltr'><strong><em>insidiosissimeque</em></strong></span> <span class='ocrx_word' id='word_1_138' title='bbox 667 1556 807 1605; x_wconf 82' lang='lat' dir='ltr'><strong><em>tractarit.</em></strong></span> <span class='ocrx_word' id='word_1_139' title='bbox 838 1552 924 1604; x_wconf 84' lang='lat' dir='ltr'><strong><em>Petit.</em></strong></span> <span class='ocrx_word' id='word_1_140' title='bbox 948 1551 1026 1604; x_wconf 87' lang='lat' dir='ltr'><strong><em>Cous.</em></strong></span> <span class='ocrx_word' id='word_1_141' title='bbox 1052 1555 1077 1602; x_wconf 91' lang='grc'><strong><em>1.</em></strong></span> 
     </span>
     <span class='ocr_line' id='line_1_18' title="bbox 157 1617 1076 1694; baseline -0.002 -22"><span class='ocrx_word' id='word_1_142' title='bbox 157 1617 314 1689; x_wconf 88' lang='lat' dir='ltr'><strong><em>quotidiana</em></strong></span> <span class='ocrx_word' id='word_1_143' title='bbox 333 1625 479 1694; x_wconf 68' lang='lat' dir='ltr'><strong><em>amisorum</em></strong></span> <span class='ocrx_word' id='word_1_144' title='bbox 491 1621 628 1674; x_wconf 71' lang='lat' dir='ltr'><strong><em>assiduitas</em></strong></span> <span class='ocrx_word' id='word_1_145' title='bbox 640 1625 671 1673; x_wconf 88' lang='lat' dir='ltr'><strong><em>et</em></strong></span> <span class='ocrx_word' id='word_1_146' title='bbox 695 1622 858 1690; x_wconf 83' lang='lat' dir='ltr'><strong><em>frequentia.</em></strong></span> <span class='ocrx_word' id='word_1_147' title='bbox 871 1626 897 1673; x_wconf 84' lang='lat'><strong><em>3.</em></strong></span> <span class='ocrx_word' id='word_1_148' title='bbox 908 1621 1076 1687; x_wconf 70' lang='lat' dir='ltr'><strong><em>perennitas.</em></strong></span> 
     </span>
     <span class='ocr_line' id='line_1_19' title="bbox 157 1688 1078 1756; baseline -0.001 -15"><span class='ocrx_word' id='word_1_149' title='bbox 157 1691 319 1743; x_wconf 82' lang='lat' dir='ltr'><strong><em>continuatio</em></strong></span> <span class='ocrx_word' id='word_1_150' title='bbox 330 1692 386 1744; x_wconf 88' lang='lat' dir='ltr'><strong><em>sine</em></strong></span> <span class='ocrx_word' id='word_1_151' title='bbox 397 1688 712 1756; x_wconf 71' lang='lat' dir='ltr'><strong><em>intervaliasrequentia.</em></strong></span> <span class='ocrx_word' id='word_1_152' title='bbox 748 1692 827 1743; x_wconf 81' lang='lat' dir='ltr'><strong><em>Rosa.</em></strong></span> <span class='ocrx_word' id='word_1_153' title='bbox 841 1693 907 1744; x_wconf 81' lang='lat' dir='ltr'><strong><em>Am.</em></strong></span> <span class='ocrx_word' id='word_1_154' title='bbox 912 1694 955 1741; x_wconf 79' lang='grc'><strong><em>13.</em></strong></span> <span class='ocrx_word' id='word_1_155' title='bbox 968 1690 1078 1742; x_wconf 88' lang='lat' dir='ltr'><strong><em>assidui-</em></strong></span> 
     </span>
     <span class='ocr_line' id='line_1_20' title="bbox 156 1758 1077 1816; baseline -0.004 -5"><span class='ocrx_word' id='word_1_156' title='bbox 156 1762 403 1816; x_wconf 80' lang='lat' dir='ltr'><strong><em>tasmaiustiarum.</em></strong></span> <span class='ocrx_word' id='word_1_157' title='bbox 439 1760 535 1812; x_wconf 76' lang='lat' dir='ltr'><strong><em>otiu.</em></strong></span> <span class='ocrx_word' id='word_1_158' title='bbox 547 1763 590 1812; x_wconf 86' lang='grc'><strong><em>21.</em></strong></span> <span class='ocrx_word' id='word_1_159' title='bbox 610 1760 748 1811; x_wconf 86' lang='lat' dir='ltr'><strong><em>assiduitas</em></strong></span> <span class='ocrx_word' id='word_1_160' title='bbox 758 1760 903 1812; x_wconf 84' lang='lat' dir='ltr'><strong><em>beliorum.</em></strong></span> <span class='ocrx_word' id='word_1_161' title='bbox 939 1758 996 1809; x_wconf 85' lang='lat' dir='ltr'><strong><em>inv.</em></strong></span> <span class='ocrx_word' id='word_1_162' title='bbox 1016 1761 1033 1808; x_wconf 92' lang='lat' dir='ltr'><strong><em>i.</em></strong></span> <span class='ocrx_word' id='word_1_163' title='bbox 1050 1762 1077 1808; x_wconf 83' lang='lat'><strong><em>3.</em></strong></span> 
     </span>
     <span class='ocr_line' id='line_1_21' title="bbox 156 1826 1078 1884; baseline 0 -8"><span class='ocrx_word' id='word_1_164' title='bbox 156 1828 266 1880; x_wconf 72' lang='lat' dir='ltr'><strong><em>urendi</em></strong></span> <span class='ocrx_word' id='word_1_165' title='bbox 285 1831 430 1884; x_wconf 75' lang='lat' dir='ltr'><strong><em>assiduitas.</em></strong></span> <span class='ocrx_word' id='word_1_166' title='bbox 449 1829 483 1882; x_wconf 89' lang='lat' dir='ltr'><strong><em>ad</em></strong></span> <span class='ocrx_word' id='word_1_167' title='bbox 499 1828 561 1882; x_wconf 89' lang='lat' dir='ltr'><strong><em>Dir.</em></strong></span> <span class='ocrx_word' id='word_1_168' title='bbox 577 1830 633 1880; x_wconf 80' lang='lat' dir='ltr'><strong><em>xri.</em></strong></span> <span class='ocrx_word' id='word_1_169' title='bbox 653 1831 697 1880; x_wconf 81' lang='lat'><strong><em>25.</em></strong></span> <span class='ocrx_word' id='word_1_170' title='bbox 715 1828 852 1879; x_wconf 64' lang='lat' dir='ltr'><strong><em>asuduuas</em></strong></span> <span class='ocrx_word' id='word_1_171' title='bbox 872 1828 1023 1880; x_wconf 85' lang='lat' dir='ltr'><strong><em>literarum.</em></strong></span> <span class='ocrx_word' id='word_1_172' title='bbox 1044 1826 1078 1877; x_wconf 81' lang='lat' dir='ltr'><strong><em>ari</em></strong></span> 
     </span>
    </p>
   </div>
   <div class='ocr_carea' id='block_1_8' title="bbox 158 1888 1161 1952">
    <p class='ocr_par' dir='ltr' id='par_1_8' title="bbox 158 1888 1161 1952">
     <span class='ocr_line' id='line_1_22' title="bbox 158 1888 1161 1952; baseline 0.011 -11"><span class='ocrx_word' id='word_1_173' title='bbox 158 1888 281 1944; x_wconf 84' lang='lat' dir='ltr'><strong><em>Herenn.</em></strong></span> <span class='ocrx_word' id='word_1_174' title='bbox 294 1896 330 1944; x_wconf 84' lang='lat' dir='ltr'><strong><em>ir.</em></strong></span> <span class='ocrx_word' id='word_1_175' title='bbox 345 1898 384 1946; x_wconf 90' lang='grc'><strong><em>13.</em></strong></span> <span class='ocrx_word' id='word_1_176' title='bbox 398 1895 545 1948; x_wconf 82' lang='lat' dir='ltr'><strong><em>vitabimus</em></strong></span> <span class='ocrx_word' id='word_1_177' title='bbox 557 1898 635 1948; x_wconf 85' lang='lat' dir='ltr'><strong><em>istius</em></strong></span> <span class='ocrx_word' id='word_1_178' title='bbox 650 1898 747 1949; x_wconf 86' lang='lat' dir='ltr'><strong><em>literae</em></strong></span> <span class='ocrx_word' id='word_1_179' title='bbox 757 1898 868 1948; x_wconf 85' lang='lat' dir='ltr'><strong><em>nimiam</em></strong></span> <span class='ocrx_word' id='word_1_180' title='bbox 876 1896 1061 1947; x_wconf 84' lang='lat' dir='ltr'><strong><em>assiduitatem.</em></strong></span> <span class='ocrx_word' id='word_1_181' title='bbox 1157 1942 1161 1952; x_wconf 82' lang='lat'><strong><em>.</em></strong></span> 
     </span>
    </p>
   </div>
   <div class='ocr_carea' id='block_1_9' title="bbox 154 1962 1150 3695">
    <p class='ocr_par' dir='ltr' id='par_1_9' title="bbox 154 1962 1081 2439">
     <span class='ocr_line' id='line_1_23' title="bbox 196 1962 1081 2029; baseline 0.008 -19"><span class='ocrx_word' id='word_1_182' title='bbox 196 1962 360 2023; x_wconf 70' lang='lat' dir='ltr'><strong><em>usstassai,</em></strong></span> <span class='ocrx_word' id='word_1_183' title='bbox 372 1965 443 2026; x_wconf 83' lang='lat' dir='ltr'><strong><em>dare,</em></strong></span> <span class='ocrx_word' id='word_1_184' title='bbox 456 1966 580 2016; x_wconf 85' lang='lat' dir='ltr'><strong><em>tribuere.</em></strong></span> <span class='ocrx_word' id='word_1_185' title='bbox 608 1968 670 2017; x_wconf 79' lang='lat' dir='ltr'><strong><em>Ast.</em></strong></span> <span class='ocrx_word' id='word_1_186' title='bbox 684 1983 710 2018; x_wconf 86' lang='lat' dir='ltr'><strong><em>x.</em></strong></span> <span class='ocrx_word' id='word_1_187' title='bbox 724 1971 750 2018; x_wconf 85' lang='grc'><strong><em>4.</em></strong></span> <span class='ocrx_word' id='word_1_188' title='bbox 769 1968 834 2018; x_wconf 86' lang='lat' dir='ltr'><strong><em>nihii</em></strong></span> <span class='ocrx_word' id='word_1_189' title='bbox 855 1964 1008 2029; x_wconf 80' lang='lat' dir='ltr'><strong><em>assigraabis,</em></strong></span> <span class='ocrx_word' id='word_1_190' title='bbox 1030 1981 1081 2017; x_wconf 84' lang='lat' dir='ltr'><strong><em>nea</em></strong></span> 
     </span>
     <span class='ocr_line' id='line_1_24' title="bbox 158 2034 1079 2101; baseline 0.005 -21"><span class='ocrx_word' id='word_1_191' title='bbox 158 2034 264 2095; x_wconf 88' lang='lat' dir='ltr'><strong><em>patruo,</em></strong></span> <span class='ocrx_word' id='word_1_192' title='bbox 274 2035 411 2094; x_wconf 84' lang='lat' dir='ltr'><strong><em>nee-mihi,</em></strong></span> <span class='ocrx_word' id='word_1_193' title='bbox 425 2051 463 2087; x_wconf 87' lang='lat' dir='ltr'><strong><em>se.</em></strong></span> <span class='ocrx_word' id='word_1_194' title='bbox 480 2035 579 2101; x_wconf 74' lang='lat' dir='ltr'><strong><em>ntique.</em></strong></span> <span class='ocrx_word' id='word_1_195' title='bbox 592 2035 719 2101; x_wconf 75' lang='lat' dir='ltr'><strong><em>inprimis</em></strong></span> <span class='ocrx_word' id='word_1_196' title='bbox 729 2042 817 2088; x_wconf 83' lang='lat' dir='ltr'><strong><em>autem</em></strong></span> <span class='ocrx_word' id='word_1_197' title='bbox 828 2035 942 2087; x_wconf 88' lang='lat' dir='ltr'><strong><em>notanda</em></strong></span> <span class='ocrx_word' id='word_1_198' title='bbox 954 2050 984 2085; x_wconf 88' lang='lat' dir='ltr'><strong><em>ea</em></strong></span> <span class='ocrx_word' id='word_1_199' title='bbox 999 2035 1079 2091; x_wconf 86' lang='lat' dir='ltr'><strong><em>rotie,</em></strong></span> 
     </span>
     <span class='ocr_line' id='line_1_25' title="bbox 156 2101 1080 2167; baseline 0.005 -17"><span class='ocrx_word' id='word_1_200' title='bbox 156 2113 216 2152; x_wconf 82' lang='lat' dir='ltr'><strong><em>sura</em></strong></span> <span class='ocrx_word' id='word_1_201' title='bbox 228 2101 256 2152; x_wconf 85' lang='lat' dir='ltr'><strong><em>de</em></strong></span> <span class='ocrx_word' id='word_1_202' title='bbox 280 2102 353 2165; x_wconf 74' lang='lat' dir='ltr'><strong><em>agris</em></strong></span> <span class='ocrx_word' id='word_1_203' title='bbox 372 2104 526 2165; x_wconf 69' lang='lat' dir='ltr'><strong><em>distribuis,</em></strong></span> <span class='ocrx_word' id='word_1_204' title='bbox 543 2106 705 2167; x_wconf 83' lang='lat' dir='ltr'><strong><em>muneribus,</em></strong></span> <span class='ocrx_word' id='word_1_205' title='bbox 727 2106 870 2159; x_wconf 76' lang='lat' dir='ltr'><strong><em>ionmitus</em></strong></span> <span class='ocrx_word' id='word_1_206' title='bbox 892 2105 997 2157; x_wconf 86' lang='lat' dir='ltr'><strong><em>dicitur.</em></strong></span> <span class='ocrx_word' id='word_1_207' title='bbox 1034 2103 1080 2155; x_wconf 82' lang='lat' dir='ltr'><strong><em>Sia</em></strong></span> 
     </span>
     <span class='ocr_line' id='line_1_26' title="bbox 155 2166 1078 2241; baseline 0.009 -24"><span class='ocrx_word' id='word_1_208' title='bbox 155 2166 243 2221; x_wconf 81' lang='lat' dir='ltr'><strong><em>Pison.</em></strong></span> <span class='ocrx_word' id='word_1_209' title='bbox 267 2174 309 2222; x_wconf 82' lang='grc'><strong><em>36.</em></strong></span> <span class='ocrx_word' id='word_1_210' title='bbox 336 2172 425 2240; x_wconf 79' lang='lat' dir='ltr'><strong><em>qnid?</em></strong></span> <span class='ocrx_word' id='word_1_211' title='bbox 454 2190 503 2241; x_wconf 85' lang='lat' dir='ltr'><strong><em>per</em></strong></span> <span class='ocrx_word' id='word_1_212' title='bbox 531 2180 608 2226; x_wconf 91' lang='lat' dir='ltr'><strong><em>tuum</em></strong></span> <span class='ocrx_word' id='word_1_213' title='bbox 636 2177 772 2229; x_wconf 85' lang='lat' dir='ltr'><strong><em>serratum</em></strong></span> <span class='ocrx_word' id='word_1_214' title='bbox 807 2175 912 2228; x_wconf 72' lang='lat' dir='ltr'><strong><em>ordines</em></strong></span> <span class='ocrx_word' id='word_1_215' title='bbox 942 2174 1078 2239; x_wconf 80' lang='lat' dir='ltr'><strong><em>assignati.</em></strong></span> 
     </span>
     <span class='ocr_line' id='line_1_27' title="bbox 155 2234 1080 2306; baseline 0.013 -21"><span class='ocrx_word' id='word_1_216' title='bbox 155 2234 369 2300; x_wconf 52' lang='lat' dir='ltr'><strong><em>Giasgenn&#39;ssoe</em></strong></span> <span class='ocrx_word' id='word_1_217' title='bbox 375 2242 499 2292; x_wconf 67' lang='grc'><strong>1111111111.</strong></span> <span class='ocrx_word' id='word_1_218' title='bbox 512 2243 670 2292; x_wconf 61' lang='grc'><strong>1011111111.</strong></span> <span class='ocrx_word' id='word_1_219' title='bbox 687 2245 778 2294; x_wconf 78' lang='lat' dir='ltr'><strong><em>Snmn.</em></strong></span> <span class='ocrx_word' id='word_1_220' title='bbox 791 2245 874 2296; x_wconf 64' lang='lat' dir='ltr'><strong><em>Seii.</em></strong></span> <span class='ocrx_word' id='word_1_221' title='bbox 885 2260 987 2297; x_wconf 84' lang='lat' dir='ltr'><strong><em>munus·</em></strong></span> <span class='ocrx_word' id='word_1_222' title='bbox 996 2243 1080 2306; x_wconf 71' lang='lat' dir='ltr'><strong><em>assir·</em></strong></span> 
     </span>
     <span class='ocr_line' id='line_1_28' title="bbox 155 2305 1078 2378; baseline 0.008 -22"><span class='ocrx_word' id='word_1_223' title='bbox 155 2310 247 2364; x_wconf 79' lang='lat' dir='ltr'><strong><em>uatum</em></strong></span> <span class='ocrx_word' id='word_1_224' title='bbox 254 2305 398 2375; x_wconf 81' lang='lat' dir='ltr'><strong><em>defugisse.</em></strong></span> <span class='ocrx_word' id='word_1_225' title='bbox 434 2308 499 2375; x_wconf 79' lang='lat' dir='ltr'><strong><em>Agr.</em></strong></span> <span class='ocrx_word' id='word_1_226' title='bbox 510 2307 548 2358; x_wconf 91' lang='lat' dir='ltr'><strong><em>iii.</em></strong></span> <span class='ocrx_word' id='word_1_227' title='bbox 558 2309 584 2359; x_wconf 82' lang='lat'><strong><em>3.</em></strong></span> <span class='ocrx_word' id='word_1_228' title='bbox 597 2308 732 2373; x_wconf 55' lang='lat' dir='ltr'><strong><em>tietmare</em></strong></span> <span class='ocrx_word' id='word_1_229' title='bbox 756 2324 831 2378; x_wconf 86' lang='lat' dir='ltr'><strong><em>agras</em></strong></span> <span class='ocrx_word' id='word_1_230' title='bbox 843 2310 952 2371; x_wconf 80' lang='lat' dir='ltr'><strong><em>ebionis,</em></strong></span> <span class='ocrx_word' id='word_1_231' title='bbox 965 2315 1011 2363; x_wconf 86' lang='lat' dir='ltr'><strong><em>etc.</em></strong></span> <span class='ocrx_word' id='word_1_232' title='bbox 1024 2311 1078 2364; x_wconf 83' lang='lat' dir='ltr'><strong><em>vid.</em></strong></span> 
     </span>
     <span class='ocr_line' id='line_1_29' title="bbox 154 2375 306 2439; baseline 0 -13"><span class='ocrx_word' id='word_1_233' title='bbox 154 2375 306 2439; x_wconf 78' lang='lat' dir='ltr'><strong><em>assignatio.</em></strong></span> 
     </span>
    </p>

    <p class='ocr_par' dir='ltr' id='par_1_10' title="bbox 154 2444 1081 2787">
     <span class='ocr_line' id='line_1_30' title="bbox 191 2444 1080 2515; baseline 0.009 -19"><span class='ocrx_word' id='word_1_234' title='bbox 191 2445 370 2497; x_wconf 76' lang='lat' dir='ltr'><strong><em>Assronnrro.</em></strong></span> <span class='ocrx_word' id='word_1_235' title='bbox 389 2444 422 2497; x_wconf 90' lang='lat' dir='ltr'><strong><em>ad</em></strong></span> <span class='ocrx_word' id='word_1_236' title='bbox 435 2444 499 2498; x_wconf 77' lang='lat' dir='ltr'><strong><em>Dis.</em></strong></span> <span class='ocrx_word' id='word_1_237' title='bbox 510 2449 568 2508; x_wconf 83' lang='lat' dir='ltr'><strong><em>xiii.</em></strong></span> <span class='ocrx_word' id='word_1_238' title='bbox 582 2450 607 2500; x_wconf 88' lang='lat'><strong><em>8.</em></strong></span> <span class='ocrx_word' id='word_1_239' title='bbox 617 2449 805 2513; x_wconf 83' lang='lat' dir='ltr'><strong><em>assignationes</em></strong></span> <span class='ocrx_word' id='word_1_240' title='bbox 815 2448 949 2509; x_wconf 75' lang='lat' dir='ltr'><strong><em>Sationes,</em></strong></span> <span class='ocrx_word' id='word_1_241' title='bbox 959 2466 993 2502; x_wconf 86' lang='lat' dir='ltr'><strong><em>se.</em></strong></span> <span class='ocrx_word' id='word_1_242' title='bbox 1002 2467 1080 2515; x_wconf 80' lang='lat' dir='ltr'><strong><em>agro-</em></strong></span> 
     </span>
     <span class='ocr_line' id='line_1_31' title="bbox 157 2514 1078 2580; baseline 0.01 -16"><span class='ocrx_word' id='word_1_243' title='bbox 157 2528 227 2565; x_wconf 83' lang='lat' dir='ltr'><strong><em>rum.</em></strong></span> <span class='ocrx_word' id='word_1_244' title='bbox 274 2514 488 2580; x_wconf 77' lang='lat' dir='ltr'><strong><em>Distinguurstur</em></strong></span> <span class='ocrx_word' id='word_1_245' title='bbox 498 2523 586 2568; x_wconf 85' lang='lat' dir='ltr'><strong><em>autern</em></strong></span> <span class='ocrx_word' id='word_1_246' title='bbox 602 2518 645 2568; x_wconf 83' lang='lat' dir='ltr'><strong><em>ieie</em></strong></span> <span class='ocrx_word' id='word_1_247' title='bbox 658 2519 755 2569; x_wconf 83' lang='lat' dir='ltr'><strong><em>statiis</em></strong></span> <span class='ocrx_word' id='word_1_248' title='bbox 767 2519 829 2569; x_wconf 81' lang='lat' dir='ltr'><strong><em>iocis</em></strong></span> <span class='ocrx_word' id='word_1_249' title='bbox 841 2535 858 2568; x_wconf 89' lang='lat' dir='ltr'><strong><em>a</em></strong></span> <span class='ocrx_word' id='word_1_250' title='bbox 871 2518 1078 2580; x_wconf 84' lang='lat' dir='ltr'><strong><em>venditionibus,</em></strong></span> 
     </span>
     <span class='ocr_line' id='line_1_32' title="bbox 157 2584 1081 2653; baseline 0.009 -20"><span class='ocrx_word' id='word_1_251' title='bbox 157 2586 326 2653; x_wconf 80' lang='lat' dir='ltr'><strong><em>utassignare</em></strong></span> <span class='ocrx_word' id='word_1_252' title='bbox 338 2591 362 2636; x_wconf 92' lang='lat' dir='ltr'><strong><em>et</em></strong></span> <span class='ocrx_word' id='word_1_253' title='bbox 374 2584 491 2638; x_wconf 86' lang='lat' dir='ltr'><strong><em>vendere</em></strong></span> <span class='ocrx_word' id='word_1_254' title='bbox 503 2602 590 2653; x_wconf 81' lang='lat' dir='ltr'><strong><em>agros.</em></strong></span> <span class='ocrx_word' id='word_1_255' title='bbox 625 2586 691 2653; x_wconf 81' lang='lat' dir='ltr'><strong><em>Agr.</em></strong></span> <span class='ocrx_word' id='word_1_256' title='bbox 705 2588 744 2637; x_wconf 87' lang='lat' dir='ltr'><strong><em>iii.</em></strong></span> <span class='ocrx_word' id='word_1_257' title='bbox 757 2590 783 2636; x_wconf 88' lang='grc'><strong><em>3.</em></strong></span> <span class='ocrx_word' id='word_1_258' title='bbox 796 2584 830 2637; x_wconf 88' lang='lat' dir='ltr'><strong><em>ad</em></strong></span> <span class='ocrx_word' id='word_1_259' title='bbox 846 2586 908 2637; x_wconf 82' lang='lat' dir='ltr'><strong><em>Dis.</em></strong></span> <span class='ocrx_word' id='word_1_260' title='bbox 921 2590 958 2637; x_wconf 83' lang='lat' dir='ltr'><strong><em>xi.</em></strong></span> <span class='ocrx_word' id='word_1_261' title='bbox 970 2592 1015 2639; x_wconf 81' lang='grc'><strong><em>20.</em></strong></span> <span class='ocrx_word' id='word_1_262' title='bbox 1033 2592 1081 2641; x_wconf 83' lang='lat' dir='ltr'><strong><em>uti</em></strong></span> 
     </span>
     <span class='ocr_line' id='line_1_33' title="bbox 154 2654 1080 2723; baseline 0.006 -20"><span class='ocrx_word' id='word_1_263' title='bbox 154 2660 223 2704; x_wconf 85' lang='lat' dir='ltr'><strong><em>sorte</em></strong></span> <span class='ocrx_word' id='word_1_264' title='bbox 247 2654 370 2706; x_wconf 69' lang='lat' dir='ltr'><strong><em>iuuetur</em></strong></span> <span class='ocrx_word' id='word_1_265' title='bbox 391 2655 453 2719; x_wconf 77' lang='lat' dir='ltr'><strong><em>agri</em></strong></span> <span class='ocrx_word' id='word_1_266' title='bbox 470 2655 615 2718; x_wconf 80' lang='lat' dir='ltr'><strong><em>legionibus</em></strong></span> <span class='ocrx_word' id='word_1_267' title='bbox 638 2655 782 2718; x_wconf 80' lang='lat' dir='ltr'><strong><em>assignari.</em></strong></span> <span class='ocrx_word' id='word_1_268' title='bbox 812 2656 956 2722; x_wconf 81' lang='lat' dir='ltr'><strong><em>assignatio</em></strong></span> <span class='ocrx_word' id='word_1_269' title='bbox 974 2657 1014 2720; x_wconf 80' lang='lat' dir='ltr'><strong><em>jit</em></strong></span> <span class='ocrx_word' id='word_1_270' title='bbox 1030 2673 1080 2723; x_wconf 79' lang='lat' dir='ltr'><strong><em>per</em></strong></span> 
     </span>
     <span class='ocr_line' id='line_1_34' title="bbox 161 2721 1080 2787; baseline 0.008 -16"><span class='ocrx_word' id='word_1_271' title='bbox 161 2723 227 2785; x_wconf 80' lang='lat' dir='ltr'><strong><em>teges</em></strong></span> <span class='ocrx_word' id='word_1_272' title='bbox 250 2721 391 2787; x_wconf 62' lang='lat' dir='ltr'><strong><em>Agrasius,</em></strong></span> <span class='ocrx_word' id='word_1_273' title='bbox 404 2724 511 2776; x_wconf 85' lang='lat' dir='ltr'><strong><em>eoioniis</em></strong></span> <span class='ocrx_word' id='word_1_274' title='bbox 529 2723 702 2780; x_wconf 77' lang='lat' dir='ltr'><strong><em>deducendisr</em></strong></span> <span class='ocrx_word' id='word_1_275' title='bbox 720 2722 842 2776; x_wconf 85' lang='lat' dir='ltr'><strong><em>venditio</em></strong></span> <span class='ocrx_word' id='word_1_276' title='bbox 854 2729 940 2774; x_wconf 84' lang='lat' dir='ltr'><strong><em>antem</em></strong></span> <span class='ocrx_word' id='word_1_277' title='bbox 951 2727 1080 2778; x_wconf 73' lang='lat' dir='ltr'><strong><em>dunione.</em></strong></span> 
     </span>
    </p>

    <p class='ocr_par' dir='ltr' id='par_1_11' title="bbox 159 2791 1079 2928">
     <span class='ocr_line' id='line_1_35' title="bbox 195 2791 1079 2849; baseline 0.007 -7"><span class='ocrx_word' id='word_1_278' title='bbox 195 2791 315 2845; x_wconf 73' lang='lat' dir='ltr'><strong><em>Assum</em></strong></span> <span class='ocrx_word' id='word_1_279' title='bbox 350 2793 398 2845; x_wconf 89' lang='lat' dir='ltr'><strong><em>Or.</em></strong></span> <span class='ocrx_word' id='word_1_280' title='bbox 424 2792 758 2845; x_wconf 56' lang='lat' dir='ltr'><strong><em>autumnitanorum</em></strong></span> <span class='ocrx_word' id='word_1_281' title='bbox 782 2796 875 2846; x_wconf 88' lang='lat' dir='ltr'><strong><em>statim</em></strong></span> <span class='ocrx_word' id='word_1_282' title='bbox 896 2796 993 2847; x_wconf 90' lang='lat' dir='ltr'><strong><em>estad</em></strong></span> <span class='ocrx_word' id='word_1_283' title='bbox 1014 2797 1079 2849; x_wconf 89' lang='lat' dir='ltr'><strong><em>iliud</em></strong></span> 
     </span>
     <span class='ocr_line' id='line_1_36' title="bbox 159 2862 924 2928; baseline 0.003 -16"><span class='ocrx_word' id='word_1_284' title='bbox 159 2875 252 2928; x_wconf 84' lang='lat' dir='ltr'><strong><em>genus.</em></strong></span> <span class='ocrx_word' id='word_1_285' title='bbox 261 2862 280 2912; x_wconf 88' lang='lat' dir='ltr'><strong><em>i.</em></strong></span> <span class='ocrx_word' id='word_1_286' title='bbox 290 2879 311 2914; x_wconf 84' lang='lat' dir='ltr'><strong><em>e.</em></strong></span> <span class='ocrx_word' id='word_1_287' title='bbox 324 2878 378 2914; x_wconf 87' lang='lat' dir='ltr'><strong><em>nou</em></strong></span> <span class='ocrx_word' id='word_1_288' title='bbox 386 2863 468 2915; x_wconf 84' lang='lat' dir='ltr'><strong><em>nimis</em></strong></span> <span class='ocrx_word' id='word_1_289' title='bbox 480 2863 539 2922; x_wconf 84' lang='lat' dir='ltr'><strong><em>cito,</em></strong></span> <span class='ocrx_word' id='word_1_290' title='bbox 553 2868 612 2913; x_wconf 86' lang='lat' dir='ltr'><strong><em>unte</em></strong></span> <span class='ocrx_word' id='word_1_291' title='bbox 624 2868 734 2928; x_wconf 79' lang='lat' dir='ltr'><strong><em>ternpus,</em></strong></span> <span class='ocrx_word' id='word_1_292' title='bbox 747 2864 924 2916; x_wconf 79' lang='lat' dir='ltr'><strong><em>accedendum.</em></strong></span> 
     </span>
    </p>

    <p class='ocr_par' dir='ltr' id='par_1_12' title="bbox 159 2930 1080 3123">
     <span class='ocr_line' id='line_1_37' title="bbox 194 2930 1077 2987; baseline 0.006 -5"><span class='ocrx_word' id='word_1_293' title='bbox 194 2931 398 2984; x_wconf 77' lang='lat' dir='ltr'><strong><em>Assruousras.</em></strong></span> <span class='ocrx_word' id='word_1_294' title='bbox 442 2930 518 2984; x_wconf 87' lang='lat' dir='ltr'><strong><em>Coei.</em></strong></span> <span class='ocrx_word' id='word_1_295' title='bbox 538 2932 736 2983; x_wconf 68' lang='lat' dir='ltr'><strong><em>aasumensi</em></strong></span> <span class='ocrx_word' id='word_1_296' title='bbox 756 2935 851 2983; x_wconf 85' lang='lat' dir='ltr'><strong><em>virtus.</em></strong></span> <span class='ocrx_word' id='word_1_297' title='bbox 900 2932 979 2984; x_wconf 87' lang='lat' dir='ltr'><strong><em>Verr.</em></strong></span> <span class='ocrx_word' id='word_1_298' title='bbox 993 2937 1021 2985; x_wconf 91' lang='lat' dir='ltr'><strong><em>ii.</em></strong></span> <span class='ocrx_word' id='word_1_299' title='bbox 1036 2940 1077 2987; x_wconf 79' lang='grc'><strong>77.</strong></span> 
     </span>
     <span class='ocr_line' id='line_1_38' title="bbox 159 3000 1079 3071; baseline 0.004 -20"><span class='ocrx_word' id='word_1_300' title='bbox 159 3000 257 3052; x_wconf 86' lang='lat' dir='ltr'><strong><em>literae</em></strong></span> <span class='ocrx_word' id='word_1_301' title='bbox 269 3003 423 3071; x_wconf 79' lang='lat' dir='ltr'><strong><em>lituraeque</em></strong></span> <span class='ocrx_word' id='word_1_302' title='bbox 434 3017 528 3054; x_wconf 90' lang='lat' dir='ltr'><strong><em>ornnes</em></strong></span> <span class='ocrx_word' id='word_1_303' title='bbox 545 3000 721 3061; x_wconf 57' lang='lat' dir='ltr'><strong><em>stimulatae,</em></strong></span> <span class='ocrx_word' id='word_1_304' title='bbox 735 3016 887 3067; x_wconf 75' lang='lat' dir='ltr'><strong><em>expressae.</em></strong></span> <span class='ocrx_word' id='word_1_305' title='bbox 915 3001 1023 3052; x_wconf 88' lang='lat' dir='ltr'><strong><em>Cluent.</em></strong></span> <span class='ocrx_word' id='word_1_306' title='bbox 1038 3007 1079 3055; x_wconf 85' lang='grc'><strong><em>13.</em></strong></span> 
     </span>
     <span class='ocr_line' id='line_1_39' title="bbox 159 3069 1080 3123; baseline 0.004 -3"><span class='ocrx_word' id='word_1_307' title='bbox 159 3069 312 3121; x_wconf 86' lang='lat' dir='ltr'><strong><em>assimulata</em></strong></span> <span class='ocrx_word' id='word_1_308' title='bbox 323 3071 501 3123; x_wconf 74' lang='lat' dir='ltr'><strong><em>iamiiiaritas.</em></strong></span> <span class='ocrx_word' id='word_1_309' title='bbox 958 3108 961 3112; x_wconf 79' lang='lat'><strong><em>.</em></strong></span> <span class='ocrx_word' id='word_1_310' title='bbox 1076 3088 1080 3102; x_wconf 74' lang='lat'><strong>¹</strong></span> 
     </span>
    </p>

    <p class='ocr_par' dir='ltr' id='par_1_13' title="bbox 155 3139 1150 3695">
     <span class='ocr_line' id='line_1_40' title="bbox 193 3139 1079 3206; baseline 0 -16"><span class='ocrx_word' id='word_1_311' title='bbox 193 3139 353 3191; x_wconf 62' lang='lat' dir='ltr'><strong><em>massana.</em></strong></span> <span class='ocrx_word' id='word_1_312' title='bbox 390 3140 449 3192; x_wconf 82' lang='lat' dir='ltr'><strong><em>Fin.</em></strong></span> <span class='ocrx_word' id='word_1_313' title='bbox 474 3142 513 3192; x_wconf 90' lang='lat' dir='ltr'><strong><em>iii.</em></strong></span> <span class='ocrx_word' id='word_1_314' title='bbox 526 3142 551 3191; x_wconf 81' lang='lat'><strong><em>5.</em></strong></span> <span class='ocrx_word' id='word_1_315' title='bbox 570 3155 647 3192; x_wconf 86' lang='lat' dir='ltr'><strong><em>sensu</em></strong></span> <span class='ocrx_word' id='word_1_316' title='bbox 658 3139 744 3191; x_wconf 78' lang='lat' dir='ltr'><strong><em>Stoico</em></strong></span> <span class='ocrx_word' id='word_1_317' title='bbox 764 3140 861 3192; x_wconf 81' lang='lat' dir='ltr'><strong><em>dieitur</em></strong></span> <span class='ocrx_word' id='word_1_318' title='bbox 884 3139 912 3191; x_wconf 85' lang='lat' dir='ltr'><strong><em>de</em></strong></span> <span class='ocrx_word' id='word_1_319' title='bbox 929 3156 1079 3206; x_wconf 56' lang='lat' dir='ltr'><strong><em>egestiones:</em></strong></span> 
     </span>
     <span class='ocr_line' id='line_1_41' title="bbox 158 3207 1129 3277; baseline 0 -18"><span class='ocrx_word' id='word_1_320' title='bbox 158 3207 176 3241; x_wconf 68' lang='lat'><strong><em>&#39;¹‘</em></strong></span> <span class='ocrx_word' id='word_1_321' title='bbox 185 3207 208 3259; x_wconf 86' lang='lat' dir='ltr'><strong>F</strong></span> <span class='ocrx_word' id='word_1_322' title='bbox 209 3210 245 3260; x_wconf 89' lang='lat' dir='ltr'><strong><em>in.</em></strong></span> <span class='ocrx_word' id='word_1_323' title='bbox 258 3210 277 3260; x_wconf 91' lang='lat' dir='ltr'><strong><em>i.</em></strong></span> <span class='ocrx_word' id='word_1_324' title='bbox 293 3212 334 3260; x_wconf 89' lang='grc'><strong><em>10.</em></strong></span> <span class='ocrx_word' id='word_1_325' title='bbox 346 3212 432 3261; x_wconf 89' lang='lat' dir='ltr'><strong><em>omnis</em></strong></span> <span class='ocrx_word' id='word_1_326' title='bbox 445 3210 568 3277; x_wconf 87' lang='lat' dir='ltr'><strong><em>roinptas</em></strong></span> <span class='ocrx_word' id='word_1_327' title='bbox 580 3211 740 3271; x_wconf 87' lang='lat' dir='ltr'><strong><em>assumenda,</em></strong></span> <span class='ocrx_word' id='word_1_328' title='bbox 754 3213 840 3262; x_wconf 89' lang='lat' dir='ltr'><strong><em>omnis</em></strong></span> <span class='ocrx_word' id='word_1_329' title='bbox 856 3208 931 3260; x_wconf 87' lang='lat' dir='ltr'><strong><em>dolor</em></strong></span> <span class='ocrx_word' id='word_1_330' title='bbox 943 3207 1081 3271; x_wconf 85' lang='lat' dir='ltr'><strong><em>depeiien-</em></strong></span> <span class='ocrx_word' id='word_1_331' title='bbox 1099 3253 1103 3258; x_wconf 42' lang='lat'><strong><em>.</em></strong></span> <span class='ocrx_word' id='word_1_332' title='bbox 1126 3255 1129 3260; x_wconf 82' lang='grc'><strong><em>,</em></strong></span> 
     </span>
     <span class='ocr_line' id='line_1_42' title="bbox 158 3276 1080 3344; baseline 0.003 -16"><span class='ocrx_word' id='word_1_333' title='bbox 158 3276 215 3329; x_wconf 87' lang='lat' dir='ltr'><strong><em>dns.</em></strong></span> <span class='ocrx_word' id='word_1_334' title='bbox 235 3278 417 3344; x_wconf 77' lang='lat' dir='ltr'><strong><em>*comparare</em></strong></span> <span class='ocrx_word' id='word_1_335' title='bbox 429 3279 500 3333; x_wconf 79' lang='lat' dir='ltr'><strong><em>sibit</em></strong></span> <span class='ocrx_word' id='word_1_336' title='bbox 518 3285 653 3343; x_wconf 82' lang='lat' dir='ltr'><strong><em>taoaqsram</em></strong></span> <span class='ocrx_word' id='word_1_337' title='bbox 669 3281 700 3331; x_wconf 87' lang='lat' dir='ltr'><strong><em>in</em></strong></span> <span class='ocrx_word' id='word_1_338' title='bbox 718 3280 871 3333; x_wconf 83' lang='lat' dir='ltr'><strong><em>subsidium.</em></strong></span> <span class='ocrx_word' id='word_1_339' title='bbox 907 3276 955 3328; x_wconf 91' lang='grc'><strong><em>01.</em></strong></span> <span class='ocrx_word' id='word_1_340' title='bbox 969 3278 988 3327; x_wconf 89' lang='grc'><strong><em>1.</em></strong></span> <span class='ocrx_word' id='word_1_341' title='bbox 1001 3277 1044 3328; x_wconf 80' lang='grc'><strong><em>50.</em></strong></span> <span class='ocrx_word' id='word_1_342' title='bbox 1057 3281 1080 3331; x_wconf 91' lang='lat' dir='ltr'><strong><em>si</em></strong></span> 
     </span>
     <span class='ocr_line' id='line_1_43' title="bbox 160 3343 1081 3416; baseline 0.002 -18"><span class='ocrx_word' id='word_1_343' title='bbox 160 3349 218 3414; x_wconf 89' lang='lat' dir='ltr'><strong><em>quis</em></strong></span> <span class='ocrx_word' id='word_1_344' title='bbox 231 3349 312 3399; x_wconf 86' lang='lat' dir='ltr'><strong><em>aliam</em></strong></span> <span class='ocrx_word' id='word_1_345' title='bbox 325 3364 430 3416; x_wconf 88' lang='lat' dir='ltr'><strong><em>quoqne</em></strong></span> <span class='ocrx_word' id='word_1_346' title='bbox 443 3353 531 3400; x_wconf 84' lang='lat' dir='ltr'><strong><em>artem</em></strong></span> <span class='ocrx_word' id='word_1_347' title='bbox 542 3350 593 3401; x_wconf 87' lang='lat' dir='ltr'><strong><em>sibi</em></strong></span> <span class='ocrx_word' id='word_1_348' title='bbox 603 3350 763 3401; x_wconf 78' lang='lat' dir='ltr'><strong><em>assumserit.</em></strong></span> <span class='ocrx_word' id='word_1_349' title='bbox 783 3349 901 3401; x_wconf 74' lang='grc'><strong>11111137.</strong></span> <span class='ocrx_word' id='word_1_350' title='bbox 915 3348 965 3398; x_wconf 89' lang='lat' dir='ltr'><strong><em>nisi</em></strong></span> <span class='ocrx_word' id='word_1_351' title='bbox 973 3343 1081 3400; x_wconf 87' lang='lat' dir='ltr'><strong><em>dicendi</em></strong></span> 
     </span>
     <span class='ocr_line' id='line_1_44' title="bbox 158 3414 1083 3483; baseline 0.003 -17"><span class='ocrx_word' id='word_1_352' title='bbox 158 3418 266 3483; x_wconf 77' lang='lat' dir='ltr'><strong><em>sapiam</em></strong></span> <span class='ocrx_word' id='word_1_353' title='bbox 275 3417 444 3477; x_wconf 84' lang='lat' dir='ltr'><strong><em>assumsisset,</em></strong></span> <span class='ocrx_word' id='word_1_354' title='bbox 457 3416 494 3468; x_wconf 84' lang='lat' dir='ltr'><strong><em>se.</em></strong></span> <span class='ocrx_word' id='word_1_355' title='bbox 506 3417 661 3483; x_wconf 64' lang='lat' dir='ltr'><strong><em>pomarius</em></strong></span> <span class='ocrx_word' id='word_1_356' title='bbox 670 3420 754 3470; x_wconf 79' lang='lat' dir='ltr'><strong><em>sinite.</em></strong></span> <span class='ocrx_word' id='word_1_357' title='bbox 766 3418 782 3451; x_wconf 82' lang='lat'>*</span> <span class='ocrx_word' id='word_1_358' title='bbox 790 3431 915 3481; x_wconf 78' lang='lat' dir='ltr'><strong><em>arrogare</em></strong></span> <span class='ocrx_word' id='word_1_359' title='bbox 928 3414 1083 3472; x_wconf 67' lang='grc' dir='ltr'><strong>11111111ιά1-</strong></span> 
     </span>
     <span class='ocr_line' id='line_1_45' title="bbox 159 3484 1083 3552; baseline 0.003 -16"><span class='ocrx_word' id='word_1_360' title='bbox 159 3500 226 3536; x_wconf 85' lang='lat' dir='ltr'><strong><em>oure.</em></strong></span> <span class='ocrx_word' id='word_1_361' title='bbox 244 3485 322 3538; x_wconf 86' lang='lat' dir='ltr'><strong><em>Otiie.</em></strong></span> <span class='ocrx_word' id='word_1_362' title='bbox 336 3489 354 3538; x_wconf 90' lang='lat' dir='ltr'><strong><em>i.</em></strong></span> <span class='ocrx_word' id='word_1_363' title='bbox 369 3490 425 3538; x_wconf 84' lang='lat' dir='ltr'><strong><em>i.si</em></strong></span> <span class='ocrx_word' id='word_1_364' title='bbox 438 3485 465 3538; x_wconf 88' lang='lat' dir='ltr'><strong><em>id</em></strong></span> <span class='ocrx_word' id='word_1_365' title='bbox 477 3489 544 3537; x_wconf 87' lang='lat' dir='ltr'><strong><em>mihi</em></strong></span> <span class='ocrx_word' id='word_1_366' title='bbox 556 3502 670 3548; x_wconf 76' lang='lat' dir='ltr'><strong><em>asseram,</em></strong></span> <span class='ocrx_word' id='word_1_367' title='bbox 679 3487 774 3540; x_wconf 87' lang='lat' dir='ltr'><strong><em>videor</em></strong></span> <span class='ocrx_word' id='word_1_368' title='bbox 783 3486 809 3538; x_wconf 92' lang='lat' dir='ltr'><strong><em>id</em></strong></span> <span class='ocrx_word' id='word_1_369' title='bbox 819 3487 946 3552; x_wconf 77' lang='lat' dir='ltr'><strong><em>meanre</em></strong></span> <span class='ocrx_word' id='word_1_370' title='bbox 955 3484 1083 3551; x_wconf 89' lang='lat' dir='ltr'><strong><em>quadam·</em></strong></span> 
     </span>
     <span class='ocr_line' id='line_1_46' title="bbox 157 3554 1150 3625; baseline 0.001 -20"><span class='ocrx_word' id='word_1_371' title='bbox 157 3554 237 3607; x_wconf 89' lang='lat' dir='ltr'><strong><em>mado</em></strong></span> <span class='ocrx_word' id='word_1_372' title='bbox 249 3554 398 3608; x_wconf 79' lang='lat' dir='ltr'><strong><em>vindicare.</em></strong></span> <span class='ocrx_word' id='word_1_373' title='bbox 416 3555 451 3608; x_wconf 85' lang='lat' dir='ltr'><strong><em>ad</em></strong></span> <span class='ocrx_word' id='word_1_374' title='bbox 466 3555 529 3607; x_wconf 78' lang='lat' dir='ltr'><strong><em>Diu.</em></strong></span> <span class='ocrx_word' id='word_1_375' title='bbox 547 3558 565 3606; x_wconf 92' lang='grc'><strong><em>1.</em></strong></span> <span class='ocrx_word' id='word_1_376' title='bbox 578 3558 603 3607; x_wconf 85' lang='grc'><strong><em>9.</em></strong></span> <span class='ocrx_word' id='word_1_377' title='bbox 623 3572 711 3625; x_wconf 76' lang='lat' dir='ltr'><strong><em>neque</em></strong></span> <span class='ocrx_word' id='word_1_378' title='bbox 727 3560 870 3625; x_wconf 85' lang='lat' dir='ltr'><strong><em>quiequam</em></strong></span> <span class='ocrx_word' id='word_1_379' title='bbox 883 3556 947 3607; x_wconf 89' lang='lat' dir='ltr'><strong><em>mibi</em></strong></span> <span class='ocrx_word' id='word_1_380' title='bbox 960 3557 1079 3617; x_wconf 86' lang='lat' dir='ltr'><strong><em>assumsi,</em></strong></span> <span class='ocrx_word' id='word_1_381' title='bbox 1147 3599 1150 3606; x_wconf 91' lang='lat'><strong><em>.</em></strong></span> 
     </span>
     <span class='ocr_line' id='line_1_47' title="bbox 155 3624 1083 3695; baseline 0.001 -19"><span class='ocrx_word' id='word_1_382' title='bbox 155 3637 206 3677; x_wconf 84' lang='lat' dir='ltr'><strong><em>nea</em></strong></span> <span class='ocrx_word' id='word_1_383' title='bbox 223 3624 303 3679; x_wconf 88' lang='lat' dir='ltr'><strong><em>hodie</em></strong></span> <span class='ocrx_word' id='word_1_384' title='bbox 324 3641 437 3678; x_wconf 82' lang='lat' dir='ltr'><strong><em>assunto.</em></strong></span> <span class='ocrx_word' id='word_1_385' title='bbox 456 3624 679 3695; x_wconf 73' lang='lat' dir='ltr'><strong><em>tinsqttegtsmo</em></strong></span> <span class='ocrx_word' id='word_1_386' title='bbox 687 3632 730 3677; x_wconf 82' lang='lat' dir='ltr'><strong><em>est</em></strong></span> <span class='ocrx_word' id='word_1_387' title='bbox 749 3639 967 3686; x_wconf 64' lang='lat' dir='ltr'><strong><em>assumeremus</em></strong></span> <span class='ocrx_word' id='word_1_388' title='bbox 982 3626 1083 3692; x_wconf 82' lang='lat' dir='ltr'><strong><em>majori</em></strong></span> 
     </span>
    </p>
   </div>
   <div class='ocr_carea' id='block_1_10' title="bbox 0 0 1288 4209">
    <p class='ocr_par' dir='ltr' id='par_1_14' title="bbox 0 0 1288 4209">
     <span class='ocr_line' id='line_1_48' title="bbox 0 0 1288 4209; baseline 0 0"><span class='ocrx_word' id='word_1_389' title='bbox 0 0 1288 4209; x_wconf 95' lang='lat' dir='ltr'><strong><em> </em></strong></span> 
     </span>
    </p>
   </div>
  </div>
 </body>
</html>
