2567 4209
542 327 794 384 nnrrmrurrs.
1080 336 1122 395 99

221 502 283 540 uam
307 486 464 548 dictionem,
478 488 504 540 h.
518 502 544 538 e.
557 483 660 553 furere,
681 493 711 538 ut
730 486 843 540 eueniet
861 486 976 552 retiquae
999 486 1124 540 orationi.

252 558 317 610 inot.
330 561 356 609 3.
377 557 455 611 Verr.
469 558 488 609 i.
507 559 551 610 36.
570 569 622 616 res,
643 573 712 625 quae
733 557 760 609 in
780 555 869 608 Gallia
891 558 1124 625 comparabantur,

204 634 265 679 sunt
274 625 384 693 stractus
401 627 573 693 praediorum
585 625 758 686 Gallicorum,
771 631 826 679 etc.
840 627 908 678 item
920 642 983 692 proc
996 628 1026 679 in
1038 626 1128 679 Gellio

202 703 328 748 emuntur
338 703 362 748 et
374 697 491 750 umnam
509 697 661 757 mittuntur,
674 700 729 748 etc.
748 697 903 761 omninoque
913 712 964 763 pro
976 712 1076 756 emere,
1094 702 1127 750 ut

193 764 284 818 ⁴Verr.
297 766 326 818 ii.
340 770 384 819 34.
403 766 543 823 *Quiuct
558 768 598 818 16.
618 768 731 833 majores
752 767 837 818 nostri
856 773 1079 832 comparaveram,
1098 766 1126 820 id

203 839 247 887 est
260 854 266 886 :
286 842 440 896 statuerunt,
454 837 506 888 siue
516 836 612 901 potius,
626 835 733 899 legino,
746 833 831 894 SCtis,
844 841 888 886 urst
900 836 961 887 uitis
972 838 1055 889 modis
1067 834 1127 901 effe,-

204 912 304 966 cerunt,
317 922 351 958 se.
365 913 412 958 unt
422 922 455 957 ne
467 905 622 971 quidfieren
635 910 681 955 ant
691 909 721 955 ut
731 904 924 969 uliqnidfieret.
939 906 1021 971 piore
1032 923 1045 956 e
1057 903 1128 957 Cice·

205 990 269 1025 rone
281 982 401 1040 suggeret
412 974 579 1028 Passeratius
591 974 625 1025 od
635 975 661 1025 tt.
675 974 693 1025 i.
706 973 740 1025 ad
752 973 814 1025 Dir.
824 976 871 1026 xii.
885 978 928 1025 36.
948 976 1046 1027 honore
1055 974 1128 1044 digni

206 1059 272 1098 curn,
281 1045 425 1112 ignominia
443 1044 529 1112 dignis
550 1059 604 1095 non
621 1048 700 1095 erant
712 1044 890 1108 comparandi,
903 1045 930 1095 n.
943 1060 965 1094 e.
978 1060 1032 1096 non
1043 1046 1131 1096 eodem

207 1113 284 1165 modo
303 1113 441 1166 tractandi.
460 1114 523 1165 item
540 1129 592 1180 pro
612 1113 755 1164 instituere
775 1113 846 1165 Mur.
868 1116 910 1165 36.
930 1114 997 1165 haec
1016 1118 1130 1181 majores

208 1184 293 1234 nostri
306 1189 531 1249 compresserunt.
567 1182 618 1234 Est
629 1183 709 1234 etiarn
719 1182 881 1241 ubidicitur,
892 1198 943 1248 pro
956 1183 1130 1248 cornpurondo

207 1251 395 1305 demonstrare.
414 1252 465 1305 off.
479 1253 508 1304 ii.
526 1256 552 1304 5.
572 1252 670 1304 deinde
690 1258 833 1316 comparat,
847 1257 955 1319 quanto,
968 1259 1013 1303 etc.
1050 1252 1095 1303 Sic
1107 1258 1132 1305 et

206 1318 301 1373 leues
324 1322 393 1374 ente
414 1323 445 1374 ii.
466 1325 509 1374 32.
528 1328 595 1375 ectr.
626 1320 737 1378 Quinct.
753 1323 775 1372 1.
807 1325 838 1373 ut
856 1337 906 1390 ego
929 1338 991 1375 cum
1016 1329 1131 1388 patrono

206 1389 385 1445 disertissimo
409 1407 554 1458 comparer.
599 1390 716 1455 Elegons
739 1390 808 1442 rutio
832 1406 845 1441 e
869 1392 929 1443 tudo
949 1392 1130 1456 gladiatorum

207 1459 290 1521 dudo,
303 1461 349 1527 qni
359 1461 483 1513 &untur
494 1457 653 1527 comparari,
666 1475 726 1511 cum
735 1460 815 1525 pario
823 1461 1002 1525 gladiatorum
1012 1461 1130 1526 deleuer-

209 1534 262 1590 tur,
275 1532 302 1581 tr.
315 1547 337 1582 e.
350 1531 525 1592 constituitur,
539 1531 597 1596 qun
617 1545 677 1581 cnm
697 1544 795 1594 quoqne
807 1531 950 1582 contendat.
986 1529 1131 1597 Compara·

208 1603 255 1650 tur
265 1616 327 1664 ergo
347 1605 477 1665 petronus
496 1616 556 1652 cum
573 1603 695 1666 patrono,
708 1597 771 1662 quio
782 1598 852 1650 inter
863 1616 888 1651 se
904 1600 934 1651 de
951 1600 1061 1652 victorie
1072 1615 1132 1652 eors-

206 1669 323 1736 tendunt.
341 1669 357 1702 '¹‘
370 1668 481 1721 Dicitur
487 1671 567 1721 etiem
575 1670 706 1733 eleganter
717 1667 837 1731 eitiptice‚
848 1683 899 1733 pro
910 1685 952 1720 res
963 1670 1130 1731 necessarior,

208 1738 295 1805 coptus
314 1754 476 1804 comparare.
503 1739 537 1791 ad
557 1739 619 1790 Dir.
632 1738 688 1790 xri.
703 1739 743 1787 11.
770 1738 879 1789 omnino
898 1753 934 1789 er
952 1740 1003 1790 hac
1024 1753 1130 1807 qnoque

209 1813 288 1876 parte
300 1807 505 1877 diligentissime
518 1814 705 1873 comparetur:
723 1803 770 1855 ott
788 1806 841 1856 oid.
863 1805 1020 1872 Interpretes
1037 1812 1061 1857 et
1072 1808 1130 1858 odd.

209 1878 324 1930 Gronoo.
345 1877 378 1927 od
389 1875 449 1929 tto.
463 1877 551 1928 serni.
565 1879 591 1927 3.
617 1882 642 1924 et
653 1873 765 1925 meriii.
781 1876 822 1924 12.
846 1878 875 1927 et
893 1878 1064 1941 comparatus
1079 1890 1132 1941 pro

208 1947 351 1998 instrictus
362 1946 396 1996 ud
406 1945 506 2009 oiwuid
524 1943 663 2008 egendum.
683 1941 751 1994 Her.
765 1941 803 1994 iii.
817 1947 843 1995 3.
871 1943 966 1995 iisdem
979 1945 1044 1996 iscis
1055 1949 1086 1996 et
1097 1944 1132 1997 ad

209 2014 374 2068 suadendum
395 2019 425 2067 et
448 2013 482 2066 ad
505 2012 711 2067 dissuadendum
731 2011 831 2066 erimus
856 2014 1010 2078 comparati.
1046 2013 1091 2065 Sic
1108 2020 1134 2066 et

209 2084 398 2221 mJonnmm
420 2084 518 2135 dicitur
538 2084 570 2136 in
590 2084 645 2135 loco
665 2081 786 2148 epistotae
806 2083 840 2134 ud
863 2082 915 2143 Qu.
937 2082 987 2134 Fr.
1008 2083 1055 2149 qui
1070 2098 1133 2136 rnoc

244 2160 354 2206 certur.

208 2170 474 2276 monueramus.
511 2221 568 2275 inv.
589 2223 618 2275 ii.
630 2223 674 2273 25.
701 2222 881 2289 comparativo
896 2221 1051 2291 judicatio:
1070 2223 1134 2289 quid

211 2295 253 2354 sit,
267 2294 306 2345 ibi
316 2293 428 2344 docetur.

244 2363 440 2414 Cournusrro.
476 2360 530 2418 Qu.
544 2360 589 2413 Fr.
603 2361 621 2413 i.
634 2362 661 2412 2.
680 2366 752 2422 extr.
765 2362 860 2429 quibus
878 2377 928 2429 ego
948 2362 988 2413 ita
999 2361 1089 2423 credo,
1101 2365 1134 2415 ut

211 2434 279 2487 nihii
290 2431 325 2483 de
338 2430 530 2496 comparatione
543 2442 605 2482 mea
616 2429 762 2482 diminuam
777 2451 784 2480 z
803 2433 830 2482 h.
843 2448 869 2483 c.
882 2430 967 2483 nindo
987 2432 1076 2482 minor
1091 2446 1133 2482 rne

211 2509 355 2555 controeor
374 2515 531 2566 comparem.
552 2500 621 2552 Mur.
631 2502 674 2550 21.
694 2500 856 2564 comparatio
876 2500 999 2551 testium.
1024 2500 1073 2552 Br.
1090 2504 1133 2553 to.

211 2575 270 2640 ipsa
280 2570 442 2637 comparatio
454 2568 650 2637 disciplinaque
668 2567 784 2619 dicendi.
815 2566 901 2620 *inu
915 2571 934 2620 i.
949 2573 990 2620 ll.
1019 2568 1135 2637 Compa-

210 2643 281 2695 ratio
293 2646 402 2706 estpars
414 2638 603 2690 contitutionis
615 2636 779 2690 osmnuivoe.

246 2710 451 2763 Conseruntur.
469 2707 664 2772 reprehendere,
681 2704 820 2771 objurgare
831 2706 946 2771 reliquens
959 2724 967 2755 .·
985 2706 1050 2758 item
1061 2721 1136 2759 neore

211 2796 268 2833 sore
280 2778 428 2845 injudicio,
444 2783 490 2828 ortt
506 2783 572 2828 certe
587 2790 683 2827 nornen
693 2774 812 2843 deferre:
828 2776 937 2842 proprie
948 2775 1051 2827 nudetur
1066 2776 1136 2829 idern

212 2867 272 2909 esse,
286 2849 353 2914 quod
364 2849 537 2910 interrogare.
572 2846 635 2897 Att.
649 2845 677 2897 ii.
689 2848 715 2897 2.
743 2844 867 2914 Nigidius
888 2847 1007 2897 minatur
1026 2846 1054 2898 in
1073 2862 1136 2899 con·

211 2934 342 3042 titud
357 2917 549 3053 tutati
563 2914 770 3052 ntzttttt
783 2915 1138 3051 iiiiffffliffldii:

212 3074 270 3110 rem
283 3060 425 3125 ponerent,
438 3055 590 3124 compellari
609 3070 642 3107 eo
661 3055 749 3122 legem
761 3068 778 3105 e
789 3052 942 3113 votuerunt,
954 3068 1016 3120 qua,
1029 3057 1084 3105 etc.
1102 3055 1137 3107 ad

214 3127 334 3181 Herenn.
352 3129 371 3178 i.
382 3131 423 3179 14.
442 3126 539 3177 mimus
557 3122 666 3194 qnidam
689 3124 803 3175 Accium
815 3127 923 3189 poetam
936 3122 1099 3188 compellavit
1111 3125 1139 3176 in

213 3213 301 3250 scene.
328 3196 400 3248 Phil.
413 3195 452 3248 iii.
467 3199 491 3246 7.
511 3195 586 3247 idem
599 3194 635 3251 Q.
648 3193 808 3246 Ciceronem
821 3192 957 3258 cmnpeltut
968 3190 1068 3253 edicto,
1085 3207 1136 3247 nec

213 3267 344 3335 inteiligit
355 3263 617 3318 commendationem
629 3278 689 3316 esse
701 3263 939 3330 compeiiotionem
951 3276 1036 3313 suam.

247 3335 464 3389 Courunnnrro.
482 3333 657 3399 reprehensio,
670 3332 837 3398 uituperatio,
850 3331 986 3383 menotio.
1011 3329 1081 3382 Phil.
1094 3331 1135 3385 iii.

212 3409 237 3459 7.
257 3422 307 3458 nec
320 3405 450 3472 intelligit
461 3401 723 3455 commendationem
732 3417 791 3454 esse
804 3399 1028 3465 cosnpettutionent
1039 3414 1123 3454 suarm

246 3474 405 3527 Cournnnr.
424 3471 458 3524 ad
469 3472 531 3524 Dir.
545 3473 564 3523 i.
577 3475 602 3523 9.
620 3471 729 3525 (lumin
742 3471 812 3523 hunc
824 3484 930 3521 sensum
938 3469 1042 3521 alliciar
1054 3471 1136 3529 bene-

212 3544 280 3597 ficiis
293 3545 438 3602 hominnm,
452 3546 482 3593 et
493 3540 634 3607 eornpetiur
647 3542 758 3609 injuriis.

247 3612 449 3670 Counrnorrn,
467 3610 580 3662 luorum.
599 3608 678 3664 Rosc.
691 3609 768 3661 Com.
782 3610 825 3661 16.
843 3607 1024 3675 compendium
1036 3609 1134 3666 fucere.

213 3682 248 3738 nd
260 3680 328 3735 Her.
339 3683 375 3735 ir.
389 3683 431 3733 40.
444 3684 526 3748 turpe
537 3678 725 3745 compendium,
738 3682 793 3731 eto.
814 3714 816 3720 ,
