2567 4209
506 278 755 333 nnururrsrrs.
1055 284 1094 346 15

204 431 390 495 Anqurnrurs,
410 436 456 501 qui
476 436 583 488 eanum
606 436 701 501 ubiaue
716 436 845 488 rationun
856 441 931 497 tenet,
945 449 1047 501 semper
1058 440 1096 486 est

169 499 247 552 idern.
283 503 362 555 Τιιεο.
377 507 406 556 11.
419 507 463 556 27.
490 504 562 557 *Jus
582 506 723 571 aequabile,
745 508 773 558 in
793 522 845 574 qna
864 522 955 559 omnes
975 503 1096 574 ejusdem

171 570 328 625 conditionis
340 578 411 634 suut,
424 575 491 625 nihil
503 578 617 645 gratiae,
629 575 744 637 divitiis,
763 579 818 628 etc.
827 576 966 628 tribuitur.
1004 574 1061 625 lnv.
1075 576 1095 625 i.

203 705 429 774 Anausarnruns,
449 712 495 779 jin
507 728 626 779 aequum,
648 712 695 765 Or.
708 716 784 765 i.'⁴12.
797 717 827 766 ii.
841 715 883 767 52.
926 713 997 766 *On
1011 714 1039 764 ii.
1053 712 1095 762 66.

110 789 113 792 ’
155 794 233 834 ,oum
248 782 430 846 aequabilitate
453 782 552 835 facore.
574 785 592 835 i.
606 799 631 835 e.
653 783 813 848 aequabilem
824 800 850 836 se
862 784 1011 836 horninibus
1021 795 1097 848 prat·

171 854 247 899 stare.
1102 893 1104 898 ⁴

205 919 400 979 nausimus.
420 920 495 974 Lael.
514 923 540 971 6.
553 927 589 972 est
600 936 630 972 ea
641 921 733 982 uirtus,
746 936 810 987 prae
828 927 853 972 et
869 920 981 972 civilitas
993 917 1097 977 aluam

173 1002 232 1039 rum
240 1003 320 1053 aratu
326 989 389 1055 jure
402 1006 462 1042 aum
474 991 592 1042 omnibus
604 992 724 1051 uiuimus,
738 1007 825 1043 omnes
835 991 911 1043 nobis
922 989 1041 1057 aequantes
1050 1001 1099 1052 pu-

174 1062 267 1116 tamus.
279 1059 350 1110 nibil
360 1061 435 1112 nobis
445 1060 619 1126 praecipuum
630 1061 751 1125 petimus.

209 1125 407 1187 Arsurum.
427 1130 504 1182 Orat.
518 1131 560 1180 58.
574 1130 718 1194 aepruliler
730 1129 831 1198 ingredi
848 1133 878 1182 et
886 1131 1050 1185 constanter,
1060 1124 1100 1176 ai·

174 1195 244 1246 ailur
255 1197 339 1248 oralia
350 1214 498 1260 annueram,
508 1212 571 1264 puae
582 1213 635 1250 non
642 1214 704 1250 moa
713 1197 804 1263 fimus
816 1205 841 1251 et
852 1199 925 1261 lenis,
937 1213 999 1250 moa
1011 1195 1100 1248 anua

174 1270 198 1315 el
216 1280 309 1329 aspera
326 1274 371 1320 est.

208 1334 357 1395 Ananias.
377 1341 463 1390 sortes
472 1353 597 1405 aequare.
611 1353 636 1389 r.
650 1338 787 1390 insontes.

208 1405 309 1463 Annua
322 1422 394 1460 aum.
431 1407 491 1459 Fin.
505 1410 541 1459 iv.
554 1410 597 1458 24.
610 1410 655 1460 27.
781 1471 786 1474 ,

208 1473 447 1532 Annnrnranrrns.
466 1483 503 1528 est
523 1476 721 1543 Epicureorum
733 1495 843 1543 eruente,
858 1475 895 1527 N.
908 1474 942 1527 D.
957 1477 976 1528 i.
989 1476 1031 1527 39.
1047 1473 1098 1524 vill.

177 1539 235 1594 Iuli.
250 1541 298 1593 Gr.
311 1543 341 1594 t‘rt
352 1565 460 1610 carropera.

210 1612 428 1672 unumunurn.
449 1630 500 1681 pro
520 1631 639 1683 aequare.
660 1617 742 1669 Tusa.
763 1633 789 1669 v.
811 1619 852 1668 17.
877 1631 956 1667 nemo
979 1616 1030 1672 est,
1055 1614 1101 1679 qui

176 1681 255 1733 lautis
277 1698 321 1733 ma
341 1683 511 1749 aequiparare
527 1689 620 1753 possit.
666 1686 711 1738 Sia
723 1693 747 1737 et
759 1684 854 1736 Liuius
864 1685 931 1735 unu
942 1685 1044 1735 xxxvii.
1057 1682 1100 1730 bb.

212 1751 336 1811 Annuus.
364 1751 443 1804 Verr.
452 1757 482 1805 ii.
496 1758 538 1804 lb.
552 1771 632 1817 aequo
648 1760 710 1822 jure
722 1755 885 1818 disceptare,
898 1753 925 1803 h.
939 1767 965 1803 e.
976 1757 1006 1801 ul
1020 1750 1102 1816 judea

177 1819 248 1870 nibil
258 1819 402 1871 reuersa-it
411 1820 605 1887 gratiosaniul.

215 1886 288 1937 Ana.
303 1902 354 1952 pro
365 1889 477 1951 borniue,
491 1906 602 1953 anuum
621 1890 775 1942 amnuetula
786 1889 860 1940 nulla
876 1903 926 1939 esse
936 1893 1026 1952 potest,
1038 1887 1101 1941 Art.

180 1958 199 2007 i.
216 1958 254 2006 18.
290 1954 417 2010 Metellus
429 1975 481 2012 non
498 1961 586 2021 lzoma,
600 1960 747 2020 andbitun,
764 1968 819 2018 aar,
832 1956 956 2010 solitudo.
992 1956 1101 2009 *Aean
1169 2021 1171 2023 ,

179 2028 197 2078 1.
212 2029 236 2076 7.
248 2038 302 2086 aar,
316 2031 424 2080 utamur
432 2032 505 2081 enim
518 2046 566 2097 pra
579 2029 685 2090 Latina,
698 2034 729 2080 et
741 2030 818 2097 ignis.

212 2094 368 2147 Annianus.
387 2096 499 2153 Quiane.
512 2104 538 2150 4.
552 2102 622 2152 ratio
634 2099 749 2157 aeraria,
762 2100 788 2149 h.
802 2114 827 2149 e.
841 2097 911 2149 ratio
920 2096 1044 2163 pecuniae
1064 2096 1103 2149 ‹li-

177 2180 264 2215 aersae
273 2165 303 2215 in
311 2163 400 2217 Gallia
409 2174 433 2218 et
441 2167 552 2220 Rornae.
571 2169 587 2202 *
595 2168 704 2220 Cluent.
715 2171 756 2220 43.
767 2169 794 2219 in
802 2167 919 2218 aerarios
928 2167 1031 2227 referri,
1042 2168 1068 2217 h.
1077 2181 1103 2219 e.

178 2234 208 2285 iu
218 2234 341 2286 ullinsarn
357 2236 471 2297 russam,
485 2238 528 2288 oui
547 2238 672 2303 oueripli
684 2235 811 2303 suffragia
827 2238 955 2296 sarabara,
968 2242 992 2287 et
1002 2241 1106 2290 taulum

179 2317 241 2355 aero
252 2303 413 2364 tribrailnea
423 2308 575 2371 pendebant.
623 2307 693 2359 Erat
712 2313 799 2358 autern
817 2307 879 2358 baec
897 2312 959 2357 uolo
978 2305 1105 2365 ursaria

179 2386 258 2436 praue
267 2373 338 2439 plebi
349 2375 453 2439 quidem
465 2377 495 2428 iu
503 2377 610 2442 primis,
623 2378 666 2429 serl
677 2376 809 2428 interdum
819 2382 907 2427 lanua
917 2376 997 2426 etiarn
1007 2380 1107 2426 senato·

180 2441 253 2493 ribus
270 2448 294 2493 et
306 2445 434 2509 uirilibus
451 2452 578 2508 senaluel
590 2446 680 2497 ordine
693 2444 804 2511 equestri
819 2445 905 2504 molis,
918 2444 1063 2502 inurebant.
1076 2448 1106 2494 ut

181 2511 288 2562 ostendit
301 2511 416 2565 Gronau.
428 2514 457 2564 rie
467 2530 560 2581 perun.
572 2521 650 2567 aeter.
664 2516 709 2565 lib.
722 2515 758 2566 io.
772 2518 796 2566 1.
807 2530 836 2580 p.
848 2516 908 2565 263.
955 2511 1004 2563 Or.
1017 2514 1049 2565 ii.
1061 2514 1105 2563 66.

180 2596 214 2633 ex
226 2581 338 2633 aerarir's
346 2584 476 2635 eximere.
490 2583 614 2635 *aerarii
623 2584 747 2636 Tribuni.
761 2599 787 2633 v.
800 2584 929 2641 tribanus,
942 2586 966 2631 et
976 2588 1089 2631 aeratas.

216 2648 381 2702 Annsnruu.
418 2652 480 2705 An.
497 2655 546 2704 vii.
562 2655 606 2703 21.
618 2652 755 2703 aerarium
778 2651 903 2707 sanctius,
922 2655 986 2709 eran
1006 2664 1039 2698 er
1056 2663 1109 2713 quo

159 2751 162 2755 Δ
182 2722 281 2768 surnlus
293 2719 424 2773 ordinarii
435 2737 490 2772 nou
498 2723 660 2787 petebantur,
669 2720 713 2772 sel
731 2720 766 2771 ad
779 2732 912 2770 manniam
922 2717 990 2782 reip.
1006 2722 1107 2783 ternpus

182 2789 367 2840 reservabatur.
382 2806 408 2840 v.
422 2788 528 2842 Manui.
542 2790 576 2840 aa
586 2789 645 2840 Att.
658 2790 706 2841 aii.
721 2793 762 2840 lb.
776 2786 810 2856 as.
827 2785 884 2838 liu.
898 2786 980 2839 annii.
995 2788 1036 2837 16.

216 2851 356 2919 Anninus,
373 2860 537 2924 pecuniosus,
551 2859 613 2909 Att.
634 2860 652 2909 i.
676 2862 717 2910 16.
754 2858 866 2911 Tribuni
880 2872 932 2909 uon
944 2862 1001 2909 tam
1013 2855 1107 2918 aerati,

198 2939 260 2976 uam
273 2931 304 2977 ut
316 2930 489 2995 appellantur
507 2928 613 2988 aemuli,
628 2929 646 2977 i.
660 2944 686 2979 e.
700 2942 754 2977 non
771 2934 826 2978 laus
845 2926 969 2986 ereutii,
990 2926 1037 2990 qui
1056 2940 1108 2976 ersa
1212 2957 1214 2961 -

210 2994 345 3056 bebaut‚b.
359 3014 381 3048 e.
395 2998 441 3063 qui
456 2998 596 3064 pecuniam
615 2998 749 3055 habebant,
771 2995 813 3046 secl
833 2994 1010 3059 pauperrimi,
1034 2999 1059 3044 et
1081 2993 1112 3045 in

180 3063 297 3116 aerarios
308 3064 447 3132 referendi,
460 3064 672 3198 mequomo
683 3066 717 3117 al
728 3062 955 3129 corrumpendum.
985 3060 1041 3113 *ea
1052 3076 1112 3114 aera

170 3129 278 3256 {wi
292 3134 370 3188 Verr.
386 3138 422 3189 iv.
434 3139 477 3190 36.
490 3138 556 3190 lasti
604 3189 607 3194 ⁴
671 3138 689 3189 i.
699 3153 725 3189 e.
737 3134 833 3187 aeratis
842 3131 958 3198 pellibus.
971 3128 1109 3183 ulularunt.

214 3272 280 3334 Ans,
299 3274 362 3327 Au.
377 3277 406 3325 ii.
420 3279 444 3326 1.
457 3290 499 3326 aes
510 3274 760 3335 circumforaneum,
773 3274 841 3340 quod
851 3268 1027 3337 oiroasorurn
1041 3268 1112 3334 opud

179 3344 343 3407 argentarios
356 3340 470 3410 foenori
480 3344 566 3396 datur.
603 3343 682 3396 Verr.
695 3362 722 3397 v.
737 3348 778 3395 13.
814 3343 891 3396 Dirui
910 3351 977 3401 aere,
990 3342 1009 3392 i.
1021 3354 1047 3390 e.
1059 3338 1110 3391 sol·

177 3414 256 3465 ursio
268 3430 322 3465 non
334 3429 396 3465 esse.
409 3413 646 3478 bonprermeltiren.
659 3414 702 3465 rel
712 3418 749 3464 est
760 3414 861 3476 elegans
870 3410 983 3477 jorusin
993 3405 1108 3475 baasor·

178 3483 261 3534 mula.
297 3480 376 3544 Narn,
389 3498 453 3535 aere
464 3482 557 3543 diruti,
577 3483 686 3548 proprie
706 3481 836 3540 dieantur.
848 3481 953 3542 milites,
966 3479 1058 3545 quibus
1069 3477 1110 3548 ig·

20 3581 22 3606 ÷
179 3552 314 3608 marniae
326 3566 404 3608 abusa
416 3552 572 3623 stipendium
586 3565 640 3606 non
652 3552 737 3613 auor,
749 3557 795 3603 aut
804 3566 868 3619 pars
884 3549 1006 3619 stipendii
1017 3545 1111 3606 uiua
