2567 4209
177 328 238 387 100
580 319 697 377 luban

207 477 408 531 Comcnnsnna.
436 476 459 529 F
460 477 527 531 laec.
540 482 584 532 29.
602 478 711 536 Catonis
722 486 759 532 est
770 480 884 533 dicim:
903 479 1016 548 pedibas
1027 493 1096 534 carn·

127 569 131 572 Α
171 549 280 616 pensari
292 549 443 614 manniam.
479 547 530 600 Est
548 550 578 601 de
590 550 752 602 rencotissed
769 550 911 602 salubriter.
928 550 1002 601 codis
1018 563 1096 614 proe-

172 618 244 669 diis.-
262 617 292 668 in
302 616 352 676 his,
361 615 426 668 Cato
443 619 560 683 patabat,
573 619 671 670 itirsera
688 625 797 685 propter
809 620 1026 686 longinquitatem
1036 624 1094 669 tan-

172 694 229 739 tam
241 686 370 752 impensae
383 687 485 746 hahere,
501 694 547 738 acet
558 694 624 739 certe
635 690 775 748 neolestiae,
791 694 821 740 nt
838 704 915 755 nepae
928 704 990 740 cara
1000 704 1051 739 esse
1063 702 1094 738 ao

168 756 319 822 propinqua
337 754 482 807 videamm.
502 756 635 826 *Fontei
650 762 673 808 1.
696 758 768 810 Socii
781 758 945 811 Gallicorum
957 757 1091 810 bellorum

169 826 288 894 pericula
297 825 394 891 popolo
406 824 439 876 R.
449 827 529 878 coriis
542 828 675 895 remisque
687 834 894 893 compensarunt.

205 893 480 947 Quaenannaunna.
499 899 563 948 Act.
577 898 596 948 i.
611 895 690 947 Vcrr.
705 901 746 949 ll.
765 897 898 964 estjcshcre
911 912 986 950 resen
994 895 1092 947 mmm

171 965 264 1024 adesse,
273 969 303 1014 nt
315 978 392 1014 cansa
403 966 513 1016 secanda
523 966 577 1017 cicc
589 971 693 1030 agatur,
706 972 730 1017 et
738 967 841 1031 pelidem
852 967 881 1018 in
893 967 962 1018 dmm
970 964 1091 1031 perendi-

170 1049 245 1094 nsem,
258 1039 287 1084 at
298 1033 379 1084 tradit
390 1031 531 1085 Asconius.
572 1074 578 1086 .
592 1034 848 1101 Corriperendinatns.

206 1103 485 1155 Comcaaannmamo
497 1108 527 1156 et
561 1120 827 1157 onnnncunnmcns.
847 1104 927 1157 Verr.
940 1106 960 1156 i.
972 1106 998 1155 9.
1010 1101 1091 1155 Bruta

164 1176 213 1236 22.
231 1187 320 1231 annm,
334 1174 409 1241 qnasi
422 1174 671 1239 comperendinatus,
682 1174 799 1226 mediam
808 1173 882 1226 diem
895 1173 986 1226 luisse.
1092 1187 1101 1192 ·

204 1242 382 1294 Cominiume.
412 1240 564 1295 Accam.
591 1242 924 1298 Clodius··metantum
936 1241 1090 1307 comperisse

168 1314 259 1368 smnio
270 1313 474 1363 criminabatur.
510 1310 602 1364 Cicero
613 1313 645 1364 in
657 1328 734 1364 cansa
746 1312 906 1364 Catilinaria
917 1314 1006 1364 meliro
1018 1310 1091 1362 dice·

169 1388 221 1443 rat,
232 1382 353 1448 comperi
365 1383 464 1433 omnia.
494 1379 540 1432 Ea
551 1398 592 1433 res
611 1383 697 1433 baum
715 1382 783 1433 dedit
800 1381 916 1433 dietemis
939 1381 969 1432 in
987 1379 1091 1431 Cicero·

168 1467 238 1573 Ἥ,
247 1465 307 1571 εἴη
318 1465 378 1502 enm
386 1449 477 1503 monia
487 1451 640 1518 comperisse
648 1450 717 1503 risose
726 1449 968 1502 comodamente.
978 1449 1089 1501 Casani.

203 1589 414 1649 (dominatuum,
434 1587 505 1641 Mur.
517 1592 557 1641 lli.
577 1590 658 1641 habui
671 1605 779 1642 scenam
791 1589 1003 1655 competitsisein.
1027 1587 1091 1640 Ele·

164 1664 269 1728 genter.
306 1658 441 1710 Ammon
453 1674 556 1711 scenam
567 1665 732 1723 asperitatem
743 1659 775 1710 in
786 1659 853 1710 hedis
865 1657 976 1719 dederat,
993 1659 1091 1722 collega

168 1728 303 1781 Ciceronis
314 1728 345 1779 in
355 1727 495 1780 aedilitate.
513 1728 575 1780 hinc
585 1730 713 1781 metsnhnt
729 1727 829 1789 Cicero,
842 1743 875 1779 ne
887 1742 962 1779 sceno
973 1727 1021 1778 illa
1028 1728 1090 1793 plns
1109 1769 1116 1775 ..

161 1798 238 1865 apud
246 1798 375 1864 papalum
387 1798 416 1849 in
433 1798 559 1863 petitione
570 1799 675 1859 caleret,
688 1812 768 1863 mmm
783 1798 848 1864 ip‘se,
868 1803 893 1849 et
911 1812 987 1848 scena
1003 1802 1091 1862 petere

167 1868 328 1926 connclotam
338 1882 388 1932 pro
400 1865 520 1917 Antonio
533 1867 675 1917 ridebatur.

201 1936 380 1990 &meinana
417 1934 488 1986 Mur.
503 1938 545 1985 ll.
564 1935 728 2001 sapientiam
739 1935 772 1985 oh
784 1933 849 1998 ipsis
861 1933 1021 1999 compilavit.

201 2006 355 2063 Quernas,
374 2002 495 2062 coerceri,
508 2003 618 2054 inclndi.
637 2003 685 2054 Or.
698 2004 717 2054 i.
733 2007 773 2053 ll.
793 2005 820 2054 in
835 2001 968 2070 judicium
986 2007 1016 2055 et
1028 2019 1091 2056 con·

169 2076 304 2130 clanculae
317 2079 453 2140 tamquam
467 2073 495 2123 in
507 2073 652 2137 pistrinam
663 2070 772 2139 aliquod
783 2070 892 2123 detrudi
904 2076 935 2123 et
946 2073 1089 2137 compingi.

167 2146 256 2198 Attio.
270 2142 327 2194 viii.
346 2146 369 2192 1.
394 2141 522 2193 amiserat
541 2142 623 2207 calpa
644 2155 699 2200 sua,
721 2142 748 2191 in
778 2140 907 2207 Apuliam
919 2140 1048 2195 Picenum
1060 2158 1089 2194 se

167 2217 341 2279 compegerat.

202 2282 392 2334 &uraniam
427 2280 489 2332 Att.
504 2280 533 2332 ii.
546 2284 572 2333 3.

201 2350 428 2402 &antummum
440 2348 507 2408 dios,
522 2350 581 2402 att.
591 2350 638 2402 vii.
653 2354 678 2402 7.
697 2350 753 2404 ludi
766 2350 943 2418 compitalicii,
962 2349 1050 2404 Pison.
1062 2356 1087 2405 4.

168 2420 304 2480 sohmnm,
317 2419 423 2483 quaein
434 2419 554 2485 compitis
565 2421 720 2484 agebantur.
892 2425 896 2428 ’

201 2488 368 2541 Cantennam
386 2487 420 2539 ad
432 2487 495 2539 Div.
509 2491 538 2541 ii.
549 2492 573 2541 6.
606 2488 634 2541 Si
655 2490 791 2555 cosnplecti
812 2491 948 2543 bominem
961 2492 1087 2544 volueris.

168 2558 234 2613 ibid.
248 2556 327 2610 deda
339 2562 369 2609 te
381 2558 482 2610 bomini
496 2577 502 2609 ε
530 2559 720 2629 complectetur.
734 2560 800 2611 mihi
813 2559 903 2611 crede.
916 2560 952 2611 ci.
965 2561 1031 2612 ibid.
1047 2565 1087 2614 13.
1125 2573 1130 2580 ·

168 2628 304 2680 disitmde
324 2627 374 2688 his,
387 2629 433 2692 ani
451 2628 564 2693 aliquem
580 2629 611 2679 in
630 2628 728 2680 amicos
747 2629 886 2695 recipiant,
901 2635 924 2681 ct
936 2630 1087 2692 liberaliter,

169 2697 327 2764 beneficaque
348 2703 468 2749 tractant.
505 2696 722 2750 HincLacl.15.
749 2699 855 2752 fortuna
875 2714 940 2767 quos
956 2701 1090 2765 completa

170 2771 222 2821 est.
254 2767 321 2817 itcm
345 2765 416 2817 Phil.
437 2782 463 2818 v.
482 2768 523 2817 16.
553 2782 662 2819 causam
693 2782 755 2819 eam
785 2769 932 2835 compleam
963 2774 1014 2830 cst,
1039 2786 1091 2836 pro

167 2838 202 2887 ad
217 2851 259 2887 eas
273 2840 361 2900 partes
380 2836 492 2887 accessit.
520 2835 577 2887 *in
597 2837 762 2900 agriatltorn
782 2844 807 2889 et
825 2854 853 2889 re
877 2840 994 2890 hortensi
1017 2856 1090 2892 com·
1150 2899 1151 2906 ἵ

167 2906 252 2972 plecti
276 2909 378 2958 terram
408 2904 507 2957 aanor
530 2906 661 2970 eleganter
686 2906 716 2957 de
737 2907 845 2972 plantis,
867 2922 931 2972 qnae
961 2909 1088 2960 monotes·

169 2980 238 3035 anot,
251 2974 442 3034 adhaerescunt,
455 2975 681 3041 comprehendant,
692 2975 829 3028 behleiben.
838 2976 899 3027 hinc
910 2976 1014 3027 domam
1022 2977 1091 3027 oide-

168 3052 213 3097 tnr
231 3045 278 3095 hoc
297 3042 378 3095 msc.
391 3043 420 3095 ii.
434 3049 459 3095 4.
478 3060 540 3096 cum
560 3046 729 3112 philosophia
749 3044 872 3096 idoneam
892 3045 1024 3109 cosnpleea
1044 3049 1088 3096 est

169 3118 302 3167 naturam.
321 3113 438 3177 seqnitnr
449 3113 557 3165 insedit.
578 3113 593 3147 *
603 3130 654 3180 pro
666 3113 827 3167 concludere
839 3114 869 3164 in
889 3113 1038 3182 syllogismo
1050 3121 1088 3165 est

166 3183 274 3235 lavent.
287 3183 305 3233 i.
319 3184 353 3232 40
370 3182 586 3246 quemadmodum
605 3184 665 3249 ipsa
676 3183 805 3235 conclusio
817 3182 915 3234 aanor
925 3183 1087 3249 complexio.

166 3253 213 3304 sabi
223 3252 276 3303 oid.
294 3250 403 3303 *Tusa
414 3253 432 3303 i.
444 3253 488 3303 22.
507 3252 595 3305 Mam
611 3253 775 3321 cogitatione
788 3252 921 3317 complecti
932 3267 984 3306 non
997 3269 1088 3319 possu-

166 3337 234 3381 mus,
257 3321 307 3372 nir
325 3322 429 3372 konnen
448 3336 497 3372 ans
517 3321 588 3373 GOtt
607 3323 681 3374 nicht
699 3322 844 3374 vorstelhn.
864 3319 925 3372 *ad
938 3321 1047 3374 Dinvi.
1060 3327 1087 3376 6.

166 3391 254 3442 literis
274 3390 416 3454 complecti,
437 3391 466 3441 de
485 3407 514 3442 re
533 3392 623 3456 aliana
634 3392 755 3452 amitere,
768 3391 796 3442 de
813 3391 897 3456 poesis
909 3397 933 3441 et
945 3391 1087 3446 historicis.

166 3459 182 3491 ’¹‘
194 3459 257 3511 Att.
270 3460 299 3510 ii.
313 3461 337 3509 6.
360 3459 404 3510 Sic
421 3461 566 3525 compleras
578 3476 636 3512 sum
649 3461 744 3519 otiam,
764 3464 795 3512 ut
814 3461 849 3512 ab
869 3476 902 3511 co
922 3459 1017 3513 divelli
1035 3478 1088 3515 non

165 3528 274 3594 possim.
294 3527 331 3578 sic
342 3527 458 3587 delector,
471 3526 578 3594 sicfrai
590 3530 668 3594 capio
680 3530 743 3594 otio.
763 3528 778 3562 *
791 3530 918 3594 consequi.
938 3530 971 3582 ad
983 3530 1045 3584 Div.
1059 3550 1086 3585 x.

165 3598 206 3648 12.
225 3611 286 3647 cam
305 3596 465 3649 facultatem
484 3599 567 3650 babes
587 3597 741 3655 maximam,
765 3614 846 3665 quam
865 3614 928 3651 cum
940 3603 1088 3667 complesses

162 3679 201 3727 cs,
214 3667 287 3718 tenc.
306 3663 482 3732 *adjungere
507 3666 562 3719 Pis.
574 3670 618 3720 31.
637 3668 816 3734 complecteris
827 3669 1005 3737 amplissimos
1018 3672 1087 3726 viros
