2567 4209
443 278 447 287 “
484 306 737 366 unissimus.
1008 312 1074 371 444

189 466 348 521 Hierasos.
382 466 446 523 stt.
460 469 497 521 14.
516 468 564 521 ult.
576 469 716 520 bibentum
727 464 857 531 legionem
867 462 985 532 eligendi
997 463 1074 529 optio

153 538 255 591 delata.
292 537 375 604 legio
383 538 495 589 hiberna
506 543 550 597 cst,
564 538 667 604 quasin
675 534 792 589 bibernis
801 540 846 585 cst.
876 530 1075 601 Eadsmsorma

149 623 216 661 uuus
228 614 264 659 cst
275 605 381 658 Sucton.
394 605 425 658 in
437 605 510 672 Cojo,
523 622 546 657 a.
558 610 584 659 6.
597 607 644 659 nbi
655 606 708 658 uid.
721 604 836 656 Gronov.

190 675 254 737 Hro,
270 691 403 743 prossms,
414 676 460 740 qui
471 682 506 727 cst
518 691 597 735 nunu,
610 678 657 729 bor
666 683 789 740 nmporc.
809 674 857 725 Or.
871 673 889 724 i.
900 677 924 723 1.
942 671 972 723 bi
980 684 1074 722 moras.

156 745 236 798 Verr.
252 747 317 797 11.·3.
335 744 369 796 44
392 745 466 797 illam
478 748 602 797 veterem
615 744 794 809 disciplinam,
809 756 861 794 non
872 741 905 794 ad
917 744 992 799 bont,
1005 754 1075 807 quae

154 829 224 867 nunc
237 815 382 867 increbuit.
392 813 456 865 ibid
470 814 508 865 iii.
522 814 769 866 904444114444414.
789 812 825 869 Q.
839 812 884 863 Fr.
896 812 914 862 i.
930 813 952 861 1.
962 813 988 862 3.
998 823 1076 875 prae·

153 886 250 938 sertim
262 899 324 936 cum
336 882 366 934 lsi
378 898 465 935 mores
478 881 512 935 ad
532 884 710 935 ambitionem
722 883 902 934 incubuerint.
921 878 937 912 *
946 893 997 944 pro
1010 879 1074 930 ille:

154 953 321 1006 Rosc.Com.
330 954 357 1004 2.
376 952 504 1020 quidest,
526 952 597 1019 quod
618 954 788 1020 negligenter
800 951 946 1002 scribamus
958 947 1076 998 aduersa·

153 1024 225 1076 rio?
242 1022 367 1090 quidest,
380 1021 451 1088 qnod
462 1020 608 1089 diligenter
624 1022 795 1073 conficiamus
808 1020 918 1071 tabulas.
937 1018 1001 1084 quia
1012 1019 1076 1068 bosa

153 1097 219 1146 sunt
230 1095 376 1150 menstrua,
389 1090 450 1141 ilios
468 1094 530 1142 snut
541 1095 678 1148 aeternae,
692 1094 747 1142 etc.
765 1105 790 1140 u.
804 1087 887 1141 Gran.
900 1085 963 1138 Obs.
976 1086 1019 1137 iii.
1034 1086 1075 1137 16.

155 1162 244 1215 Senti.
257 1158 374 1211 Minora.
384 1159 415 1211 ii.
429 1162 454 1211 9.
466 1159 541 1211 stibi
553 1158 682 1215 Perizon.

190 1228 260 1283 Hm.
298 1229 429 1281 Frn.ii.8.
448 1229 507 1281 nola
517 1243 620 1290 manns,
634 1233 805 1294 quartantur
812 1225 952 1285 interdum,
962 1219 1078 1290 4414444-

154 1302 206 1354 tina
212 1300 306 1352 uinrun
314 1305 429 1364 44444444,
442 1314 502 1350 aum
513 1299 609 1364 siphon
620 1303 666 1351 out
678 1297 751 1349 aliud
762 1297 966 1348 instrumentum
981 1298 1079 1345 nonest

155 1369 438 1429 admanum,utuidit
449 1368 575 1432 Scaliger.
921 1390 926 1399 ·

192 1437 317 1490 Hroono.
344 1438 513 1502 sanguisuga.
560 1437 623 1488 Att.
641 1436 660 1487 i.
683 1438 724 1486 16.
755 1435 834 1501 plebs
854 1433 949 1485 bintdo
969 1431 1077 1485 aerarii.

157 1506 259 1559 norm
270 1505 389 1569 loquendi
398 1506 473 1557 ducto
484 1511 540 1557 aste
553 1505 649 1556 Plauti
660 1503 766 1571 Epidio.
779 1503 811 1554 ii..
824 1505 850 1554 2.
860 1507 886 1554 4.

192 1574 344 1628 Hrsaonu.
363 1572 396 1624 ad
410 1574 472 1627 Att.
486 1576 515 1627 ii.
527 1577 553 1624 6.
571 1572 685 1635 historia
699 1573 816 1643 dignum,
830 1572 851 1623 i.
863 1587 886 1621 4.
898 1571 1005 1635 mgnitu
1021 1568 1078 1635 dig·

157 1660 232 1705 num,
246 1645 285 1694 sic
297 1640 393 1694 Graeci
410 1639 508 1713 irrigui
525 1642 628 1694 dicunt.

131 1725 133 1727 ’
193 1712 375 1766 Hrsnonmos.
411 1708 990 1768 1414444444.1444414441144444144444444144.
1027 1707 1076 1761 Or.

158 1786 212 1836 ab..
222 1780 362 1833 4444441444
375 1793 470 1838 sermo,
483 1780 635 1844 quotidiano
646 1781 828 1844 distinguitur.

194 1850 328 1903 Hroucos.
365 1848 412 1899 04.
428 1847 467 1899 iii.
481 1852 523 1901 43.
550 1850 653 1902 binicus
676 1865 818 1902 concursus
839 1850 991 1902 verborum.
1012 1845 1076 1898 ibid.

159 1925 202 1973 44.
222 1934 302 1971 voces
315 1917 424 1969 binicus.
437 1933 462 1968 v.
473 1919 569 1970 bintus.

195 1987 447 2052 nasamonas
466 1987 593 2038 bominis.
629 1988 708 2041 Rosa.
723 1989 785 2041 Am.
798 1992 823 2041 8.
849 1984 1079 2041 bominisstudio·

158 2057 258 2110 nissimi
271 2052 421 2109 nobilitatis
434 2070 562 2124 manceps
570 2057 601 2108 lit
608 2055 793 2127 Chrysogonus
803 2080 809 2108 :
823 2061 1014 2110 intonatum
1025 2055 1079 2121 ejus

160 2141 290 2191 manceps,
303 2131 393 2185 444444,
405 2124 454 2190 fit.
489 2126 534 2179 Sic
546 2128 665 2180 bominis
678 2128 766 2188 vendi,
780 2129 890 2180 venales
910 2125 1029 2194 pendere
1040 2123 1080 2175 di·

159 2202 264 2254 cuntur,
275 2195 520 2261 proboniscorum.
556 2195 663 2250 *Tnsc
682 2198 721 2250 iii.
734 2201 776 2250 32.
804 2214 866 2250 eum
878 2197 948 2248 nibil
964 2193 1080 2247 bominis

159 2283 229 2319 esse.
249 2267 284 2322 Q.
299 2265 342 2318 Fr.
356 2266 385 2316 ii.
402 2270 440 2316 11.
467 2267 555 2319 virum
577 2271 606 2319 te
627 2269 738 2335 putabo,
751 2268 886 2320 bominem
906 2282 956 2317 non
970 2266 1079 2331 putabo.

159 2337 208 2389 Or.
222 2338 251 2387 ii.
270 2339 311 2387 10.
330 2351 381 2388 nox
395 2340 425 2387 44
445 2338 587 2407 expolivit,
609 2338 791 2402 bominumque
812 2336 938 2389 44441414.
967 2332 1082 2385 *homi-

157 2421 207 2458 nes
228 2404 257 2456 44
276 2407 339 2456 urbs
360 2412 385 2456 44
403 2405 458 2455 uita
480 2409 584 2456 urbana
604 2406 728 2457 dicuntur
752 2403 1081 2463 041411434114144444

160 2474 312 2525 bominibus
335 2475 492 2539 relegasset,
511 2479 540 2524 ei
561 2476 616 2525 ruri
637 2475 762 2524 habitare
779 2473 911 2538 jussisset.
929 2471 963 2537 cf.
985 2471 1081 2521 Horat.

161 2542 216 2593 Sat.
231 2541 263 2590 ii.
272 2543 298 2590 6.
307 2544 350 2591 92.
369 2538 457 2589 *cum
473 2542 552 2590 subn.
564 2547 594 2590 ut
614 2542 695 2591 homo
712 2540 816 2590 histrio.
852 2539 899 2590 Or.
913 2540 942 2589 ii.
958 2543 997 2589 46.
1017 2542 1031 2569 *
1046 2538 1081 2590 44

162 2613 224 2662 Att.
238 2611 275 2659 iv.
293 2612 333 2658 15.
344 2611 374 2659 ¹si
387 2610 427 2659 vis
440 2609 517 2657 boma
526 2623 594 2658 esse.
607 2610 626 2659 i.
639 2620 665 2659 e.
674 2607 866 2658 bunsonitatcm
875 2608 954 2670 noui,
964 2613 989 2657 44
1000 2611 1082 2656 444444-

161 2680 230 2735 4444,
243 2683 266 2728 44
278 2692 365 2728 sensns
377 2679 504 2727 bumortos
512 2677 614 2727 nabars.

197 2745 344 2806 Honunus,
363 2744 511 2797 homuncio.
547 2745 601 2797 Pis.
614 2748 658 2798 25.
682 2745 727 2798 bic
751 2744 872 2796 4444441444
891 2760 925 2798 ex
944 2744 1039 2813 argilla
1050 2747 1081 2810 et

162 2819 223 2870 luto
234 2815 311 2866 lictus
324 2815 481 2882 Epicureus.

199 2884 356 2943 Honusrrs,
375 2884 457 2944 dacus,
470 2883 535 2935 iaus.
574 2883 644 2938 Mur.
657 2887 701 2937 40.
719 2889 830 2937 ceterae
847 2889 912 2937 ante
924 2888 1019 2950 partae
1035 2885 1081 2936 io·

162 2961 281 3011 nastulis.
302 2953 529 3013 *dabaminidun
542 2961 571 3005 ut
582 2955 666 3007 decus.
704 2955 781 3006 Sext.
794 2957 836 3005 m.
851 2982 854 2986 ·
868 2957 895 3005 in
915 2970 968 3020 qua
987 2966 1081 3005 omues

162 3028 305 3079 intestatus
316 3025 495 3077 consentiunt.
515 3022 748 3093 *magnificentim
761 3024 916 3076 sublimitas.
951 3022 1080 3075 0444111.

163 3100 205 3148 31.
220 3110 316 3147 ,rerum
334 3096 413 3160 copia
434 3094 575 3146 verbomm
595 3097 702 3162 copiam
723 3094 816 3161 giguit.
830 3098 859 3145 et
872 3093 894 3143 si
907 3096 950 3143 est
962 3093 1080 3143 honestas

163 3169 192 3220 in
205 3168 291 3223 rebus,
301 3164 397 3219 existit
409 3178 443 3215 ex
456 3164 495 3214 rei
508 3169 604 3214 naimo
612 3165 720 3231 quidam
733 3162 858 3228 splendor
867 3164 894 3213 iu
905 3163 1002 3213 verbis.
1016 3162 1081 3212 *bo-

163 3231 293 3299 nasmna,
307 3249 366 3301 opp.
381 3230 518 3301 infamias.
557 3233 768 3286 14444444439.
787 3231 927 3284 damnatus
946 3247 994 3297 per
1010 3230 1081 3283 arbi·

165 3308 247 3361 trum
260 3307 291 3355 44
300 3319 358 3358 rem
372 3305 541 3359 restitueret.
555 3309 586 3354 44
597 3306 755 3355 honestatem
767 3317 874 3354 omnem
886 3303 1038 3352 amitteret.

201 3370 344 3432 Honusue,
361 3373 477 3438 pulchra.
491 3369 529 3427 Q·
541 3371 584 3423 Fr.
596 3374 634 3425 iii.
646 3377 670 3424 1.
683 3378 708 3425 4.
722 3370 749 3423 14
761 3378 866 3425 tectum
877 3372 979 3422 noneste
992 3368 1083 3438 vergit

166 3443 195 3497 in
208 3444 312 3493 tectnm
325 3442 458 3494 inferioris
470 3441 597 3506 porticus.
997 3486 1000 3493 .

202 3508 531 3574 nortmannicarum.
577 3511 656 3564 Brut.
674 3515 716 3563 61.
744 3510 802 3575 quis
822 3509 882 3561 sit?
905 3525 936 3561 ac
956 3506 1082 3573 4444444444

164 3575 270 3649 dWsrst
293 3581 326 3634 ab
348 3581 501 3635 bononiae
519 3582 567 3636 nii
584 3597 609 3637 u.
646 3580 724 3637 Verr.
738 3581 767 3633 ii.
779 3581 822 3639 26.
845 3581 970 3642 bonulus
988 3592 1079 3647 eques.
