2567 4209
205 298 277 367 ,266
618 289 738 349 ΜΠ

244 447 396 508 Juerucro,
424 445 522 499 vitium
535 447 623 500 animi
641 464 674 500 aa
690 441 973 512 maginiensem.
999 443 1082 499 Taso.
1091 445 1129 498 ir.

208 518 236 571 9.
250 515 360 583 jactatio
383 521 427 567 est
450 516 574 584 voluptas
595 519 713 585 gestiens
737 521 767 569 et
788 532 816 569 se
833 515 946 568 efferens
959 516 1129 567 insolentius.

212 585 352 639 'lactatio
364 590 401 636 cst
423 585 503 636 etium
522 584 639 637 studium
657 586 796 652 captandae
818 586 929 650 grume,
943 583 1094 636 venditandi
1106 598 1136 634 re

237 656 301 711 isui.
338 653 405 705 Har.
415 653 499 705 1620.
519 656 563 707 bio
575 656 679 723 primus
690 656 778 708 aditus
791 655 825 707 ad
841 654 998 722 popularem
1007 652 1132 719 jactatio·

211 741 282 776 nem.
318 722 427 776 cluent·
445 726 488 775 35.
502 722 581 776 Pror.
602 724 633 775 C.
649 727 689 776 16.
715 724 825 789 joctutio
850 723 995 791 popularis.
1041 721 1130 773 Or.3.

207 793 380 862 jactationem
391 793 487 844 babuit
500 794 526 844 iu
539 794 638 860 populo
651 794 816 862 eloquentia.
835 791 892 847 *de
905 807 971 843 noue
984 791 1014 843 in
1025 798 1135 856 tempes-

211 868 271 916 tate.
307 861 415 914 Muren.
423 863 449 912 2.
469 877 485 912 e
498 861 744 930 magnajoctutione
756 867 858 915 terram
871 850 975 914 ildere.
983 877 1007 912 o.
1012 864 1131 928 jactare.

245 931 384 990 lienus,
403 937 439 981 ert
450 936 535 981 motui
547 931 799 996 quusiprolusionis.
836 930 916 983 Tusc.
931 931 960 982 ii.
972 933 1016 982 23.
1028 929 1134 995 jactare

211 1006 342 1054 caestum.
361 998 377 1032 *
389 1004 524 1057 ostentare,
537 1000 678 1051 insolenter
695 1016 720 1052 re
732 998 835 1065 efferre,
845 999 971 1063 gloriari.
988 998 1079 1068 Dejot.
1091 1001 1134 1053 10.

211 1076 325 1138 quantos
348 1083 490 1121 concursus
519 1068 609 1121 lacere
630 1070 743 1127 solebat.
768 1084 849 1137 quarn
873 1083 903 1119 se
921 1067 1032 1133 juderi,
1050 1083 1133 1136 quam

210 1144 358 1191 ostentare.
395 1137 456 1188 Ati.
470 1137 499 1189 ii.
508 1139 551 1188 21.
571 1140 616 1206 qui
626 1143 709 1191 antea
720 1139 815 1190 solitus
827 1138 1003 1204 essetjauare
1016 1153 1046 1188 se
1059 1153 1134 1205 mag·

209 1207 412 1260 nificentissime
425 1208 451 1256 iu
464 1206 511 1257 ilio
524 1207 582 1258 loco
597 1223 701 1259 summo
712 1224 773 1258 cum
786 1223 876 1259 aurore
885 1209 977 1274 populi
990 1234 1002 1245 ·
1012 1233 1025 1247 ·
1037 1215 1070 1258 ut
1083 1205 1133 1258 ille

211 1284 271 1331 tum
284 1276 400 1334 humilis,
410 1279 439 1325 ut
453 1272 583 1345 demissus
596 1280 666 1327 erat.
703 1275 725 1327 F
727 1277 794 1328 laco.
804 1279 848 1328 26.
867 1277 894 1328 in
908 1277 958 1328 liae
971 1277 1053 1343 igitur
1062 1276 1132 1327 urbe

211 1361 240 1398 re
246 1346 354 1412 jactent,
368 1358 448 1411 quam
459 1341 583 1409 oderunt.
620 1343 699 1396 Ruso.
713 1345 747 1396 Α.
761 1347 787 1396 9.
806 1346 834 1397 in
852 1346 927 1398 bouis
949 1345 1026 1397 Sext.
1040 1342 1131 1395 Roscii

212 1430 241 1467 se
258 1413 411 1479 jactantem.
448 1409 530 1462 Catil.
545 1412 572 1464 ii.
586 1414 611 1463 9.
642 1416 688 1480 qui
712 1429 741 1465 se
763 1416 907 1481 insperatis
927 1412 1132 1480 repentinisque

210 1483 332 1588 pecrruiis
352 1480 511 1533 sumtuosius
536 1483 746 1552 ursolentiusque
761 1483 908 1549 jactarunt.
929 1484 966 1535 ol.
985 1482 1032 1534 Or.
1046 1481 1075 1533 ii.
1088 1478 1132 1534 58.

236 1551 309 1604 Hinc
320 1551 400 1602 etiem
413 1556 503 1600 orator
514 1550 612 1601 diciltu
623 1568 652 1604 se
660 1555 767 1620 jactare
782 1572 787 1603 :
807 1552 871 1604 dem
880 1552 1058 1617 philosophus.
1071 1565 1140 1602 eum.

212 1626 369 1687 argumento
379 1619 460 1670 oluui
472 1620 586 1685 curfidiu
600 1621 625 1671 ei
638 1621 805 1680 immoretur,
815 1621 843 1671 id
853 1627 937 1686 urget,
949 1627 996 1672 etc.
1016 1619 1093 1672 Verr.
1104 1636 1132 1672 v.

214 1698 238 1745 1.
257 1693 318 1743 novi
333 1690 420 1740 locum
435 1708 441 1739 ε
461 1688 547 1747 rideo.
561 1689 607 1740 ubi
620 1705 649 1741 se
656 1689 804 1754 ,jactaturus
816 1691 852 1742 sit
867 1689 1035 1742 Hortensius.
1071 1687 1134 1740 Fiu.

213 1762 232 1814 i.
248 1763 288 1811 10.
308 1762 335 1811 in
355 1774 408 1827 quo
420 1774 449 1809 se
455 1757 557 1823 jactare
580 1766 669 1823 posset
687 1767 779 1811 vestra
800 1760 909 1826 oratio..
943 1759 1020 1810 Rosc.
1033 1757 1069 1809 A.
1086 1760 1133 1809 32.

213 1846 266 1900 quo
280 1834 308 1880 te
320 1827 399 1881 modo
416 1827 541 1891 jactares.
561 1826 596 1878 cs.
611 1827 700 1879 Flacc.
714 1831 756 1879 20.
784 1827 943 1879 *venditore
963 1844 997 1886 re,
1013 1827 1134 1891 vatiam

214 1904 325 1965 capture.
363 1898 441 1947 Sext.
461 1899 504 1947 53.
532 1897 571 1947 ita
583 1912 611 1947 se
625 1897 651 1948 iu
673 1898 794 1965 populari
814 1902 919 1949 ratione
925 1896 1048 1962 jactaret.
1069 1896 1132 1947 Art.

214 1970 242 2021 ii.
258 1973 282 2019 1.
303 1984 328 2018 u.
341 1965 436 2018 Grues.
453 1966 486 2016 ud
505 1964 560 2016 Cir.
579 1966 612 2017 od
633 1964 699 2017 Diu.
712 1967 770 2018 viii.
786 1969 827 2017 10.
843 1967 926 2018 video
946 1965 1089 2017 Curionem
1103 1980 1133 2016 se

214 2036 360 2104 dupliciter
366 2035 539 2100 joctotunun.
553 2049 711 2099 utrumquem
723 2035 762 2087 ibi
767 2035 870 2101 jactare
882 2035 981 2086 dictum
991 2050 1043 2087 esse
1055 2034 1134 2085 atuor

211 2113 284 2173 puto,
297 2120 397 2167 nempe,
410 2109 439 2152 ul
455 2103 487 2153 ad
501 2102 562 2153 Diu.
576 2103 603 2153 ii.
620 2105 661 2154 10.
676 2106 702 2155 in
714 2120 767 2172 qua
788 2110 817 2157 tu
830 2119 882 2156 non
895 2104 973 2155 valde
986 2107 1015 2154 te
1026 2106 1136 2170 iactast

213 2177 240 2227 h.
262 2190 288 2224 e.
320 2172 387 2223 nihil
416 2186 576 2237 magnopere
609 2174 676 2235 ogis.
706 2174 825 2238 wiescir.
880 2172 959 2225 *Est
985 2173 1047 2225 odeo
1080 2186 1135 2237 pro

213 2245 331 2312 plaeere.
368 2239 445 2292 Brut.
459 2242 502 2290 66.
522 2255 572 2291 non
585 2240 625 2291 ita
636 2241 682 2292 diu
697 2241 799 2306 jactare
812 2258 841 2294 se
854 2245 954 2308 potuit,
964 2246 1019 2293 etc.
1056 2237 1135 2292 *Eat

213 2312 293 2363 ctiam
311 2308 421 2359 actionis
441 2308 545 2367 citium,
556 2309 623 2373 quod
634 2310 690 2361 scil.
703 2312 844 2376 proprium
864 2308 974 2376 estsere
994 2309 1038 2369 iis,
1051 2309 1097 2374 qui
1109 2324 1134 2361 re

212 2380 353 2447 venditent,
374 2383 419 2428 aru
443 2378 494 2428 sibi
513 2378 543 2428 in
566 2378 656 2442 aliqua
679 2380 807 2432 orationis
829 2387 905 2446 parte
917 2379 999 2430 nimis
1019 2378 1134 2444 placent.

213 2449 292 2502 Brut.
306 2450 348 2498 60.
368 2448 418 2500 uisi
439 2462 468 2497 se
489 2460 535 2502 suo
549 2462 622 2499 urore
637 2447 794 2512 jactavisset.
808 2449 888 2501 bodie
900 2455 929 2500 te
942 2451 1005 2500 istic
1025 2462 1135 2499 muscae

213 2516 401 2574 comedissent.
424 2515 502 2568 Verr.
517 2517 555 2568 iii.
568 2519 608 2566 19.
622 2516 733 2581 jactabit
745 2518 909 2570 cerviculam
921 2535 928 2575 ;
941 2519 971 2569 de
980 2515 1134 2567 Hortensio.

214 2590 398 2640 *cumulavere
417 2601 450 2642 se.
473 2586 554 2637 Tusc.
569 2586 597 2638 ii.
612 2588 653 2636 19.
673 2586 713 2636 liis
723 2591 752 2639 tu
765 2588 952 2652 praesentibus
971 2600 1091 2654 gemere,
1104 2590 1136 2637 et

213 2657 344 2722 dejecturo
358 2670 409 2706 uon
422 2653 540 2707 audebis.
577 2653 685 2705 *Tusc
701 2655 788 2705 ir.10.
802 2654 961 2719 jacientibus
982 2671 1011 2706 se
1030 2653 1135 2719 opinio-

214 2729 291 2779 nibus
305 2729 489 2777 inconstanter
498 2726 527 2774 et
540 2723 657 2774 turbide.
693 2722 821 2777 *laetari
833 2724 965 2782 dicuntur,
978 2723 1024 2789 qui
1042 2728 1088 2773 out
1105 2723 1136 2777 iu

213 2797 291 2848 turbo
302 2795 390 2857 aliquo
403 2794 434 2843 oli
446 2807 498 2843 uno
511 2793 565 2843 loco
586 2791 615 2842 in
633 2793 718 2843 olium
729 2792 879 2853 truduntur,
892 2799 921 2843 ut
933 2794 1068 2844 consistere
1081 2808 1137 2844 non

211 2865 322 2931 possint.
360 2861 452 2912 Plane.
466 2866 490 2913 7.
504 2860 592 2926 jactor
604 2862 630 2912 iu
645 2863 732 2913 turba.
752 2861 831 2914 Verr.
846 2863 862 2913 i.
876 2864 918 2914 26.
931 2864 1050 2928 jactetur
1061 2860 1137 2913 domi

214 2949 294 2985 suae:
314 2938 387 2982 outo
405 2930 543 2981 urorilimo
562 2936 710 2996 teinpeslule
729 2929 880 2995 deprehensi
899 2937 968 2986 uini.
1005 2930 1084 2982 Rosc.
1099 2932 1136 2983 A.

214 3005 258 3056 26.
279 3002 416 3068 jactentur
432 3000 565 3051 fluctibus.
596 3001 658 3050 lii-ne
679 3006 725 3060 est,
738 3015 890 3066 quocunque.
911 3000 1012 3051 ratione
1033 2998 1136 3053 occari.

214 3071 307 3124 Plauc.
316 3073 359 3122 23.
378 3069 469 3138 inique
482 3085 510 3121 se
520 3070 597 3120 ainis
604 3069 744 3134 jactatum.
781 3069 875 3125 Quint.
886 3071 912 3120 2.
925 3069 1026 3136 jutura
1037 3073 1066 3120 et
1079 3069 1138 3136 agi·

214 3147 274 3193 tata
293 3139 423 3208 aequitas.
438 3140 466 3191 in
485 3136 587 3189 Caecil.
604 3143 643 3188 14.
664 3144 693 3189 te
708 3154 771 3190 vero
791 3155 870 3206 quiam
890 3141 927 3190 sit
944 3139 1016 3191 omni
1030 3139 1137 3189 ratione

209 3210 366 3277 jactaturus.
404 3206 495 3258 Plane.
510 3211 534 3257 4.
561 3211 681 3259 nostrum
701 3212 753 3266 est,
775 3208 820 3279 qui
845 3209 871 3260 iu
896 3210 945 3259 hae
966 3213 1137 3273 tempestate

203 3284 205 3287 '
214 3279 307 3351 populi
322 3276 454 3343 jactemur
466 3292 497 3325 au
510 3275 646 3327 fluctibus.
682 3278 742 3327 Att.
757 3277 793 3331 xi.
809 3280 848 3328 16.
869 3280 890 3328 si
910 3278 1027 3343 recipior
1045 3276 1081 3326 ab
1094 3275 1143 3341 luia,

215 3376 227 3388 ·
237 3376 249 3387 ·
261 3348 300 3398 sin
306 3346 402 3411 jactor.
439 3343 454 3376 '¹‘
467 3344 542 3395 Ollio.
557 3344 595 3395 iii.
614 3347 658 3395 20.
678 3345 829 3410 jactabatur
840 3361 943 3405 numus,
957 3348 996 3396 sio
1008 3351 1041 3396 ut
1053 3358 1139 3396 nemo

214 3422 305 3489 posset
329 3417 407 3472 scire,
429 3412 492 3481 quid
506 3414 636 3465 haberet:
655 3414 682 3465 lt.
695 3432 717 3464 e.
729 3415 847 3480 pretium
867 3414 922 3481 ejus
943 3414 1050 3466 uarium
1068 3419 1137 3473 erm,

215 3486 290 3539 modo
304 3483 396 3548 tulujes,
416 3482 492 3533 modo
512 3482 609 3532 minus.
628 3482 644 3514 *
655 3483 757 3547 agitare
770 3483 879 3547 aliquid,
892 3499 965 3548 ruepe
978 3497 1140 3534 commemo-

208 3568 285 3617 rare.
320 3552 426 3614 Clueut.
437 3556 480 3611 47.
501 3551 607 3621 iuuare
619 3568 678 3606 rem
695 3553 723 3607 in
743 3556 881 3609 concione.
901 3552 957 3606 *de
969 3550 1139 3609 sirmond&
