2567 4209
518 288 780 371 sonatsonat
1039 314 1103 377 ere

181 474 273 542 tenpus
285 473 416 525 intendere
428 472 528 540 eoepit,
538 477 602 525 eote
615 487 644 525 se
656 456 783 555 qorteoe
795 469 984 525 discessionem
997 469 1103 522 iecere:

181 544 229 596 uei
237 543 340 595 udatur
351 558 401 594 esse
410 558 461 608 pre
474 541 649 596 contendere.
668 557 692 594 st
704 541 807 606 quidem
820 540 894 592 lectio
907 555 971 591 sana
983 545 1028 590 est.
1040 539 1103 591 idid.

183 613 241 666 sili.
251 617 275 665 4.
289 628 318 665 se
336 612 499 664 intenderant
519 610 686 665 adversarios
706 612 733 663 io
754 610 922 662 tribunatum
941 612 1018 677 ejus:
1038 609 1065 660 h.
1078 624 1103 661 e.

183 682 332 736 uutiterant
344 681 506 734 aduersarios
517 697 543 732 se
551 681 686 748 praebere.

219 751 369 804 insanare.
407 750 465 802 lov.
477 754 495 802 i.
511 754 552 801 10.
570 749 640 815 apud
653 752 766 802 rhetores
779 748 844 815 quid
858 747 919 798 sit?

218 822 368 873 isodorus.
388 820 466 872 Vero.
480 834 506 871 r.
519 824 562 872 01.
584 820 757 872 tabernacula
764 819 898 871 carbaseis
909 817 1010 868 intenta
1021 817 1105 867 relies

183 892 251 957 quod
262 890 436 942 Burmannus
447 890 481 940 ad
495 888 523 940 V
522 889 596 954 irgil.
610 888 679 940 Aen.
690 890 725 948 iu.
739 891 801 939 506.
821 888 1008 953 interpretatur
1020 890 1106 937 teoto.

184 960 276 1013 Possis
295 966 384 1011 tamen
403 958 483 1009 etiem
503 959 618 1025 accipere
635 975 688 1026 pro
709 963 804 1014 teate:
823 962 852 1008 ut
870 956 982 1008 dicimus
994 954 1108 1007 tendere

182 1044 284 1088 acum,
298 1035 322 1080 et
335 1027 486 1090 intendere.

220 1099 321 1157 loros.
339 1097 418 1150 Rosa.
435 1098 469 1148 A.
487 1098 512 1147 5.
534 1095 667 1165 judiciam
680 1097 750 1148 inter
761 1095 870 1148 sicarios
884 1091 1028 1167 :formida
1040 1094 1109 1146 onti-

186 1184 245 1234 pua,
257 1183 315 1234 pro,
325 1167 354 1218 de
366 1166 471 1226 sicaria,
480 1166 509 1217 de
522 1166 595 1217 caede
607 1182 661 1219 reo.
681 1165 750 1218 Phil.
762 1166 791 1217 ii.
805 1171 830 1216 4.
851 1165 922 1216 inter
937 1166 1047 1217 sicarios
1062 1164 1108 1216 de-

184 1237 295 1291 fendere
312 1238 450 1305 aliquem:
478 1237 505 1288 h.
518 1252 543 1288 e.
557 1251 633 1288 reum
653 1237 746 1295 coedis
773 1234 962 1302 *propende
983 1240 1106 1301 ternpore.

148 1324 154 1329 ·
184 1309 249 1360 Aet.
262 1310 281 1360 i.
304 1308 330 1359 iu
344 1306 422 1360 Vers.
439 1310 477 1359 13.
504 1307 575 1358 inter
594 1304 689 1359 docem
710 1321 800 1365 anuos,
821 1310 973 1372 postquam,
986 1309 1042 1355 otc.
1059 1318 1108 1370 per

183 1378 269 1429 decern
281 1377 340 1428 illos
351 1392 442 1437 annos,
456 1376 556 1441 quidus,
570 1382 624 1428 eto.

219 1444 461 1496 lanenesoecoes.
497 1445 613 1498 Tases.
630 1449 670 1496 14.
689 1445 757 1497 nihil
767 1443 951 1497 interereseere
964 1441 1049 1496 debet
1062 1456 1107 1496 eo·

184 1529 254 1571 rum,
265 1515 292 1563 iu
304 1514 398 1579 quibus
412 1515 470 1564 vita
478 1515 560 1565 beata
571 1515 706 1565 consistit.

221 1582 432 1640 lassescamus,
451 1581 520 1632 diem
532 1597 616 1633 unane
630 1589 675 1633 aut
684 1584 775 1649 plures
791 1583 926 1638 inserere5
945 1581 1107 1648 puodfielrat,

187 1658 217 1702 ut
228 1665 314 1702 annus
326 1664 386 1699 curn
398 1649 501 1700 ratione
514 1652 578 1701 coeli
590 1659 752 1716 congrueret.
764 1668 789 1704 r.
803 1652 884 1704 Voss.
894 1652 923 1703 ii.
937 1652 980 1703 52.
999 1653 1061 1702 Att.
1073 1653 1108 1704 ri.

189 1726 212 1773 l.
231 1720 306 1789 quasi
315 1718 499 1770 intercalatum
510 1735 562 1771 non
575 1721 620 1771 sit.
1094 1756 1096 1759 ψ

162 1786 164 1791 ’
222 1790 438 1847 lentescentem,
458 1787 634 1840 intercalatus.
674 1790 769 1846 Quint.
782 1792 826 1841 25.
845 1796 909 1843 ante
931 1807 957 1842 r.
975 1788 1108 1845 Katendss

183 1860 364 1912 intercalares.
401 1855 522 1921 Intellige
534 1857 563 1909 de
576 1856 701 1910 Kalendis
713 1862 809 1911 mensis
822 1860 979 1922 intercalati,
991 1877 1022 1911 eo
1034 1859 1110 1911 insti-

186 1935 243 1981 tuto
252 1927 377 1979 Numae:
395 1927 423 1978 de
434 1941 484 1992 pua
496 1942 524 1978 re
532 1927 584 1978 uid.
598 1942 674 1991 quem
685 1929 718 1979 ad
729 1930 755 1980 lc.
770 1931 787 1980 l.
798 1930 885 1982 undat
894 1931 1030 1990 Graevius,
1041 1928 1110 1980 Gro-

187 2015 246 2050 nov.
260 1997 321 2049 Ods.
334 1997 365 2048 ii.
379 2000 418 2047 18.
454 1994 505 2047 Sed
516 1995 570 2062 ejus
581 2002 695 2047 mentem
706 2014 737 2048 ea
750 1997 906 2052 Graeoiauis
918 2000 1003 2052 undu
1018 2000 1064 2051 uia
1075 1999 1109 2050 ti·

187 2084 263 2121 rones
276 2067 339 2121 satis
358 2065 518 2130 intelligant,
553 2063 604 2116 Est
623 2071 711 2116 autem
726 2068 804 2117 laec:
822 2067 919 2121 Annus
938 2069 1042 2121 atomos
1054 2074 1111 2120 erat

188 2140 248 2190 355.
267 2138 387 2190 dieram:
406 2152 437 2188 ea
449 2151 499 2201 qua
512 2135 640 2194 instituto,
659 2134 722 2200 puin
737 2142 793 2186 octo
812 2151 945 2191 annuum
964 2140 1047 2205 spotia
1065 2141 1108 2190 90.

188 2210 242 2262 dies
264 2209 401 2261 aberralsu
421 2221 505 2257 annus
524 2220 541 2256 a
565 2220 644 2256 eursu
663 2204 733 2263 salis,
750 2205 796 2257 los
812 2209 856 2257 90.
874 2208 928 2260 dies
951 2209 981 2259 in
999 2213 1110 2274 quatem

188 2294 288 2332 menses
318 2276 495 2337 intercalares,
531 2275 584 2327 siue
619 2272 813 2334 Merlcedonies,
845 2276 978 2343 descripsit
1008 2276 1108 2335 Numa,

188 2349 251 2400 duos
271 2347 363 2399 binum
387 2345 437 2417 (ita
469 2345 583 2398 Gronov.
628 2344 680 2396 Sed
706 2344 777 2396 dedet
807 2359 884 2395 esse:
911 2348 1012 2400 unius:
1044 2348 1111 2414 quod

189 2419 267 2468 aliter
283 2431 386 2467 sunum
406 2429 460 2465 non
483 2421 589 2475 constat,
618 2415 673 2466 nisi
697 2418 722 2466 6.
754 2415 841 2474 nores,
867 2429 930 2478 puae
954 2424 1014 2468 sunt
1032 2433 1111 2484 super

190 2488 250 2536 365.
263 2484 325 2543 dies,
345 2482 444 2550 ducas.)
460 2484 522 2534 dues
534 2490 639 2535 ternum
651 2490 675 2534 et
686 2483 784 2547 uiginti
796 2483 907 2543 dierum,
921 2490 944 2534 et
961 2493 1019 2549 post
1039 2488 1115 2538 ln'en·⁴

190 2553 267 2604 nium
290 2551 490 2616 unumquodque
509 2569 540 2602 eo
563 2553 613 2612 leis,
633 2559 658 2603 et
671 2553 774 2618 quidem
786 2552 903 2612 alternis,
916 2554 991 2605 nuto
1008 2570 1109 2620 parem,

191 2621 267 2673 neoda
279 2620 419 2685 imparem,
441 2620 605 2685 interposuit.
642 2621 699 2673 Eos
718 2637 817 2673 menses
837 2636 854 2672 a
874 2619 982 2673 Graecis
993 2624 1110 2676 israelites

191 2691 338 2744 induxerat.
374 2687 445 2748 Quia
465 2695 552 2741 autem
573 2689 782 2742 Graecitautum
793 2694 844 2743 354
860 2691 963 2743 dierum
972 2689 1111 2758 faciebant

191 2758 481 2826 annurn,pesttertlans
491 2760 653 2821 actualers'da,
667 2762 693 2813 0.
710 2768 803 2828 epesi
821 2762 913 2813 2dtum
932 2776 1040 2821 annum,
1057 2763 1111 2813 dies

191 2836 266 2887 erant
276 2831 319 2881 24.
338 2826 466 2895 superflui
478 2826 593 2890 Numae,
606 2831 636 2881 lli
647 2831 752 2891 scilice,
773 2847 835 2896 prees
850 2830 963 2895 sisegulis
982 2831 1068 2891 aunis,
1081 2832 1112 2883 in

191 2903 317 2953 lorwrem
339 2897 453 2964 imparis
475 2900 589 2959 numeri,
611 2899 746 2967 adjeoerat.
765 2901 852 2965 itaque
863 2900 942 2952 tertia
960 2901 1111 2953 ortaiteride

190 2987 245 3023 non
257 2972 300 3023 00.
313 2974 342 3019 ut
350 2967 449 3033 primis
456 2968 553 3018 duodus
561 2970 764 3030 octaeteridilsus,
772 2971 815 3021 sed
822 2973 864 3025 60.
874 2970 927 3021 dies
935 2970 1110 3036 interposuit:

191 3036 321 3106 puosacta
340 3038 421 3089 solens
440 3042 464 3089 et
483 3036 575 3089 lunam
594 3039 628 3090 ad
646 3039 747 3092 easdem
767 3047 848 3092 nutas
871 3039 973 3092 reduces
993 3040 1112 3092 mdabat.

186 3108 278 3174 ,Atque
290 3108 381 3162 tricast
399 3105 497 3174 Cyclas
520 3105 628 3160 Numae
648 3111 692 3161 24.
720 3124 860 3170 annorum,
873 3110 903 3162 de
923 3115 1022 3175 quaest
1042 3110 1112 3175 apud

190 3177 301 3232 Liuium
310 3178 332 3229 i.
341 3178 385 3229 20.
409 3174 542 3229 *edDir.
554 3180 592 3231 rt.
607 3182 649 3231 14.
675 3177 789 3231 Kalend.
809 3179 977 3231 intercalares
997 3181 1110 3246 priores.

191 3247 272 3300 Hunc
284 3248 370 3300 locsun
382 3262 442 3312 cape
453 3246 483 3298 ds
502 3247 633 3299 smnsidus
645 3247 822 3302 intercalariis
834 3247 963 3302 Caesaris.
1000 3247 1036 3311 Is,
1049 3248 1112 3313 puta

192 3318 257 3370 anni
274 3317 353 3376 ratio,
371 3322 481 3382 propter
500 3315 673 3370 intercalandi
692 3317 833 3380 licentiam,
847 3335 898 3385 pua
910 3318 1054 3386 Pontifiau
1069 3319 1113 3369 usi

193 3390 276 3446 erant,
286 3386 440 3451 perturbata
451 3391 515 3445 erat,
526 3392 550 3437 et
556 3386 611 3452 ipse
613 3384 704 3454 scates
712 3389 847 3440 emendare
857 3388 1014 3449 instituerat,
1021 3387 1113 3454 primo

192 3455 308 3509 tauma
319 3468 420 3506 aunum
439 3457 491 3507 365
501 3454 625 3513 diemrnr
643 3457 741 3519 areu,
754 3464 783 3508 ut
795 3464 853 3510 arete
866 3458 896 3510 in
908 3457 1027 3510 ordinem
1044 3456 1113 3509 redi·

192 3529 233 3576 ret
243 3521 411 3589 annueseoe't
422 3530 531 3585 annum,
545 3540 621 3590 prens
632 3532 724 3578 uocant
743 3525 915 3595 confusionis.
952 3525 986 3578 In
998 3543 1027 3580 ea
1039 3533 1114 3579 erant

192 3599 355 3645 tressnenses
366 3592 540 3654 intercalarii,
549 3595 656 3660 primus
668 3596 700 3657 is,
713 3595 759 3663 qui
770 3612 802 3649 eo
821 3597 940 3649 instituo
956 3595 1062 3649 numu
1083 3597 1114 3649 in

193 3660 272 3731 Μ
282 3676 382 3715 mesum
394 3661 521 3715 insidunt
533 3681 542 3713 .·
559 3663 648 3717 deinde
660 3665 711 3718 due
725 3663 846 3719 Caesaris
857 3666 964 3732 integri,
984 3665 1116 3735 irstery‘edi
