2567 4209
206 331 265 390 122
603 319 722 374 ruonx

234 480 378 532 Cousuuo.
415 476 475 529 Fin.
485 492 512 528 v.
523 479 564 529 19.
592 478 748 530 Aristoxeni
770 477 905 545 ingenium
918 486 1081 531 consumtum
1094 479 1120 532 in

203 551 320 604 musicis.
358 549 418 599 Att.
428 549 482 599 avi.
492 549 518 598 2.
538 563 630 599 manus
644 564 702 598 suas
716 548 743 597 in
756 546 905 613 plaudendo
918 563 1078 600 consumere.

233 618 414 671 Cousuuron.
452 616 487 666 N.
498 616 530 667 b.
545 619 573 668 ii.
590 619 629 667 15.
649 623 805 675 consumtor,
818 620 948 677 omnium,
962 619 990 669 de
1003 620 1072 682 igne.

232 688 389 739 Coursoro.
408 692 545 737 contactus.
566 685 632 738 Nat.
647 686 679 736 D.
694 688 723 737 ii.
738 689 780 735 ab.
800 688 952 749 contagione
965 690 1120 754 pulmonum

201 755 444 823 calescitspiritus.
462 754 613 820 *influens
627 756 796 821 iuscujusque
808 756 849 805 rei
861 756 891 805 in
910 756 1028 808 aiteram.
1055 758 1119 808 Uir.

201 830 221 880 i.
234 830 277 878 30.
295 842 356 878 cum
369 827 471 876 animus
484 840 576 875 somno
596 829 736 875 sevocatus
749 829 791 875 est
809 840 825 873 a
837 826 988 889 corttogione
1000 830 1119 893 corporis

185 907 189 912 '
201 896 267 948 ibid.
282 897 310 946 ii.
320 899 363 946 43.
382 910 450 962 quae
471 901 561 961 potest
575 894 694 956 contagio
707 909 741 944 ex
755 894 857 945 infinito
870 911 955 961 paene
977 896 1120 948 intervallo

201 965 236 1019 ad
249 973 348 1017 terram
362 966 510 1030 pertinere.
547 962 628 1014 Tusa.
638 964 656 1012 i.
667 966 709 1013 30.
728 964 823 1030 quibus
836 964 916 1015 fuisse
930 968 1039 1015 minima
1056 981 1119 1015 eum

201 1036 356 1101 corporibus
377 1033 503 1096 contagio.
549 1032 610 1083 Fat.
624 1036 649 1082 3.
664 1037 688 1082 4.
708 1034 827 1095 contagio
846 1039 966 1088 naturae.
980 1035 1121 1099 opponetur

202 1103 274 1156 casui
288 1101 414 1168 samnito,
429 1108 452 1152 ct
462 1099 526 1165 sato
546 1102 661 1152 absoluto
683 1102 766 1152 causis
778 1107 802 1151 et
814 1117 894 1153 caeco.
914 1102 1037 1154 *uitium
1055 1103 1122 1166 quod

201 1179 318 1225 contactu
330 1172 360 1222 in
376 1171 441 1222 aiios
453 1167 650 1237 transfunditur
669 1187 690 1221 s.
701 1171 902 1223 communicatio
919 1172 988 1223 uitii.
1024 1172 1076 1223 Off.
1091 1174 1120 1222 ii.

200 1245 244 1296 23.
264 1241 428 1304 cordagiones
440 1241 580 1291 maiorum.
616 1239 725 1291 Ciueut.
739 1242 764 1289 6.
774 1245 799 1290 8.
819 1241 998 1305 contagionem
1010 1241 1122 1307 adspec-

201 1316 244 1363 tus
258 1310 366 1377 sugere..
395 1308 577 1375 *conjunctim
592 1310 707 1360 societas.
744 1308 822 1361 Verr.
836 1327 862 1362 v.
873 1314 914 1361 rt.
933 1310 965 1360 ad
977 1326 1042 1377 quos
1059 1327 1124 1361 con·

201 1380 332 1432 scientiae
346 1379 465 1443 contagio
477 1379 637 1445 pertinebit.
669 1379 735 1430 Sull.
745 1381 771 1431 2.
791 1380 910 1443 contagio
921 1380 1030 1432 sceleris
1039 1395 1122 1448 quae·

201 1449 274 1508 dam,
286 1450 304 1500 i.
317 1465 343 1500 e.
356 1447 462 1499 societas
474 1453 498 1499 ct
510 1449 671 1499 communio.
1131 1511 1133 1514 Ι

235 1517 476 1569 Coeranuauons.
515 1516 593 1569 Verr.
619 1517 659 1568 iii.
682 1520 725 1569 27.
759 1515 843 1570 Siculi
867 1533 919 1569 non
943 1516 1122 1569 contemnendi

202 1594 263 1642 tttnt
269 1584 367 1653 sortes,
381 1586 490 1638 honesti.

212 1667 217 1678 ·
236 1656 444 1715 Cournnnnnc,
463 1656 593 1719 eleganter
612 1661 787 1707 contemnere
808 1655 909 1725 aliquid
932 1656 1062 1726 dicantur,
1076 1656 1123 1721 qni

201 1726 266 1779 sctis
278 1728 309 1776 ab
322 1742 350 1777 eo
362 1742 387 1776 se
400 1732 466 1776 tutos
475 1730 579 1790 putant,
591 1741 671 1790 nequae
684 1731 803 1776 metuunt
814 1728 868 1777 aiio
880 1726 965 1776 moto.
1002 1725 1062 1777 Mil.
1077 1728 1120 1777 16.

203 1800 249 1866 qni
259 1799 299 1847 ita
306 1794 408 1864 judicia
421 1809 586 1862 poenamque
606 1801 782 1855 contemserint,
796 1801 825 1846 ut
839 1811 900 1848 eum
919 1796 984 1846 nihii
1003 1794 1123 1847 delecta-

203 1871 257 1926 ret,
271 1864 341 1933 quod
353 1870 399 1916 aut
412 1880 462 1930 per
483 1869 606 1915 naturam
629 1864 667 1926 fas
688 1870 769 1922 esset,
784 1870 830 1917 aut
851 1881 900 1932 per
921 1863 993 1932 lege‘s
1013 1866 1120 1916 liceret.

202 1934 285 1987 Catil.
300 1937 328 1984 ii.
339 1938 364 1984 3.
384 1936 535 1986 exercitum
549 1935 626 1984 titum
638 1960 648 1971 ·
661 1960 672 1971 ·
684 1948 845 2001 magnopere
858 1940 1001 1986 contemno.
1021 1933 1122 1986 Eodem

201 2005 278 2056 modo
293 2002 322 2053 V
318 2002 392 2066 irgil.
404 2001 499 2065 Georg.
513 2001 543 2051 ii.
552 2004 613 2052 265.
623 2003 745 2052 arborem
756 2004 818 2054 dicit
830 2011 1004 2055 contemnere
1016 2011 1119 2064 ventos,

131 2127 137 2134 ,
202 2072 312 2124 numito
324 2071 440 2128 adeleidi
453 2077 482 2121 nt
502 2072 565 2121 sacis
576 2073 682 2121 robusta
693 2072 728 2122 sit
746 2073 779 2121 ad
789 2074 959 2125 resistendum
971 2078 1065 2129 cento;
1083 2074 1121 2124 sic

202 2142 390 2205 interpretatur
402 2139 482 2190 etiarn
496 2135 627 2205 Benticjus
636 2140 703 2190 iilud
713 2139 825 2193 Horatii
838 2144 866 2193 in
878 2141 963 2207 Epod.
974 2146 998 2192 4.
1019 2144 1045 2193 in
1057 2158 1121 2210 qua·

201 2209 353 2262 tuordecim
375 2207 504 2260 sedilibus
525 2209 646 2275 inprimis
659 2225 768 2277 magnus
780 2227 862 2280 eques
875 2212 983 2262 Othone
996 2218 1122 2262 contemto

192 2279 295 2400 reficiet:
321 2278 368 2328 ubi
389 2277 446 2329 cide
467 2278 563 2343 ipsam.
600 2276 645 2328 ute
670 2277 765 2330 Graeci
784 2297 929 2351 aaronita:
958 2286 988 2331 nt
1006 2278 1119 2332 lactan.

248 2362 307 2397 car.
315 2348 342 2396 2.

237 2414 439 2486 Conraunnna.
476 2415 555 2469 Verr.
568 2416 597 2467 ii.
615 2418 658 2467 21.
684 2419 833 2468 contendere
853 2421 957 2477 omoia;
977 2419 1006 2470 de
1018 2434 1121 2470 arceam-

191 2490 268 2545 tore,
282 2484 327 2549 qni
350 2485 421 2536 nibil
437 2487 632 2550 praetermittit,
646 2487 713 2551 qnod
724 2485 754 2537 in
764 2502 841 2537 ream
853 2487 905 2537 dici
914 2496 1005 2553 potest.
1042 2489 1120 2540 Rosc.

191 2555 267 2606 'Am
281 2557 323 2605 34.
342 2553 420 2609 Quae
433 2571 474 2606 res
492 2572 553 2607 eum
574 2562 654 2607 nocte
667 2571 719 2607 una
731 2560 838 2607 tantum
856 2553 960 2609 itineris
973 2558 1120 2608 contendere

204 2626 302 2691 co'e'git.
338 2621 353 2648 ’⁹
363 2623 442 2674 Verr.
456 2625 494 2676 iii.
508 2629 549 2677 42.
576 2625 662 2692 quoad
683 2626 738 2677 ticri
759 2626 847 2692 atiquo
861 2626 938 2679 modo
950 2631 1049 2693 posset,
1062 2642 1121 2677 con

203 2692 360 2745 tenderunt:
377 2693 406 2744 dc
425 2694 593 2746 licitantibus.
612 2695 731 2759 *petere
751 2694 829 2746 Verr.
844 2697 873 2746 ii.
887 2698 929 2746 53.
943 2699 1121 2764 >magistratus

204 2764 252 2814 ilie
264 2777 368 2812 summa
379 2763 526 2814 ambitione
539 2764 711 2814 coratenditnr.

236 2829 401 2888 conrnune,
414 2846 583 2882 cumsnmma
595 2833 754 2883 contentione
763 2832 832 2884 vocis
840 2840 885 2884 arat
892 2833 1000 2885 uirium.
1014 2834 1119 2887 *Tusc

205 2901 234 2950 ii.
247 2900 290 2950 24.
310 2905 423 2950 contente
435 2898 535 2951 dicere.
545 2918 571 2951 v.
585 2904 627 2952 34.
647 2903 790 2953 contentius
802 2904 947 2954 ambulare.

240 2966 416 3028 Cournurro,
434 2972 603 3034 comparatio.
640 2970 692 3022 off.
704 2972 722 3022 i.
735 2976 774 3023 tr.
795 2972 823 3021 Si
836 2971 962 3021 contentio
974 2971 1029 3021 tiat.
1058 2971 1123 3024 Par·

206 3037 252 3089 tii.
262 3041 288 3089 2.
308 3053 397 3089 rerum
417 3040 598 3098 contentiones,
612 3039 675 3106 quid
697 3044 789 3108 majus,
803 3040 866 3109 quid
886 3056 942 3106 par,
957 3039 1020 3105 quid
1033 3043 1121 3092 minua

206 3108 252 3158 sit.
265 3112 311 3157 etc.
331 3106 405 3158 *On
419 3108 446 3158 ii.
460 3110 485 3157 5.
498 3109 625 3159 contentio
636 3110 728 3160 animi.
1098 3131 1101 3136 ’

241 3173 417 3235 Cournurus,
436 3177 482 3240 pai
494 3177 524 3227 in
535 3178 624 3242 aliana
635 3194 662 3227 re
676 3178 820 3241 renitescit,
833 3176 903 3227 aiiii
913 3177 1023 3226 ulterius
1032 3184 1122 3241 postu-

207 3244 252 3296 tec.
287 3242 394 3295 Cluent.
408 3247 450 3296 42.
469 3246 741 3297 aninradversiouibus
753 3247 879 3298 censoriis
891 3260 942 3296 non
952 3245 992 3296 ita
1003 3252 1122 3298 contenta

207 3314 259 3366 fuit
270 3314 369 3363 civitas
379 3320 476 3370 nostra.
486 3321 517 3365 ut
530 3318 609 3367 rebus
618 3315 755 3383 judicatis.

240 3380 422 3442 Courrnann,
441 3381 564 3451 rcffatnrc.
601 3385 681 3435 'l'usc
695 3388 774 3436 v.3t).
802 3391 931 3435 conterere
952 3387 1034 3452 atque
1059 3400 1121 3436 con·

206 3453 337 3506 temnere.
352 3450 431 3503 facile
443 3459 485 3504 cst
498 3456 602 3520 reliqua
614 3456 683 3504 bona
699 3470 732 3505 ex
745 3455 900 3520 collatione.
953 3452 957 3459 ’

240 3518 428 3572 Concurrunt.
446 3523 553 3586 proprie
566 3529 602 3572 est
615 3529 703 3572 testem
719 3525 833 3588 atiqrrem
853 3523 884 3573 in
894 3539 923 3573 re
936 3519 1120 3589 aliqnasaccre

205 3584 399 3651 bacformnto:
418 3593 495 3642 testis
508 3594 576 3643 esto.
607 3589 679 3643 Una
691 3592 771 3646 litem
782 3596 930 3646 contestari
943 3592 976 3645 ad
988 3594 1051 3644 An.
1064 3594 1118 3643 xvi.
