2567 4209
162 247 223 319 138
536 247 653 303 suum

159 403 257 460 Curiae
269 405 377 464 mentio.
390 410 414 457 et
421 410 557 470 praetereo
569 403 689 456 Hostilia
701 402 817 468 olieepue
828 406 1019 453 meumrootur.
1047 399 1080 455 ln

160 477 269 529 urbibus
282 481 369 527 auten
381 474 584 539 municipalibus
596 480 620 524 et
632 473 740 524 Graecis
759 486 827 522 unus
839 476 923 522 certus
935 467 1078 538 increscit,

160 559 226 613 puae
247 545 322 597 curia
336 543 477 600 dicebatur,
492 542 540 594 Gr.
551 544 711 613 ssnuorrgnr,
724 547 827 592 cuclme
844 540 902 606 ipso
915 538 1038 591 Cicerone
1050 539 1082 593 in
1145 593 1149 599 ,

165 613 300 668 Verrinis.
336 611 386 663 Seu
403 614 458 662 ω’
493 630 542 679 exn
561 616 648 660 tumen
669 610 744 661 ocus
762 609 860 661 dicitur
876 624 915 667 eo.
937 624 1001 674 prece
1025 615 1081 661 ercl

160 683 193 736 iu
221 679 297 750 soro,
321 696 339 733 u
364 678 445 733 tulto
502 679 588 731 ostilio
613 678 649 729 tul
673 678 810 730 cornilium
830 684 955 729 extructo.
979 678 1008 729 sle
1032 680 1080 731 loe

162 750 255 804 Cicero
276 750 365 803 Fiucc.
379 753 422 802 24.
441 750 596 816 speculatur
606 752 691 867 eigile
710 747 817 800 obsidet
829 753 916 800 rostra
929 746 1025 799 vindex
1039 751 1080 798 te·

163 820 308 877 mutitatis,
318 823 347 872 et
360 818 524 870 moderatrix
537 817 623 874 officii,
674 816 726 868 riu.
737 818 798 868 binc
806 816 904 881 tropice
916 816 995 867 etium
1003 816 1080 883 poni·

162 896 208 941 lus
219 905 269 955 pro
281 890 338 955 ipso
352 890 461 946 uenatu
475 893 578 940 uuuore
591 885 647 936 Cic.
683 885 731 937 Os.
745 886 785 937 iii.
799 887 841 937 42.
862 885 878 918 *
890 885 938 937 Oc.
952 887 971 936 i.
984 889 1007 935 7.
1022 890 1081 936 tun·

164 963 222 1010 tum
236 958 262 1009 iu
271 957 366 1010 crosso
378 956 574 1008 humanitatem
585 954 674 1011 luisse.
687 961 727 1014 ut,
737 970 799 1007 cum
809 953 875 1006 lauti
884 955 1080 1013 accubuissent,

164 1029 311 1082 tolleretur
333 1028 420 1078 omnis
449 1026 496 1077 illa
515 1024 659 1092 superioris
684 1025 798 1076 tristitie
821 1024 969 1075 sermonise
995 1038 1012 1074 e
1046 1038 1081 1074 ue

164 1101 239 1149 essct
251 1098 278 1148 iu
291 1096 397 1148 bomine
405 1093 567 1163 jucunditas,
581 1097 609 1146 et
623 1096 714 1144 tantus
727 1093 753 1144 iu
761 1091 876 1160 jocundo
889 1094 1017 1159 leporini
1044 1092 1082 1142 iee

165 1167 237 1217 intes
249 1180 294 1216 cos
306 1166 394 1215 curioe
407 1162 488 1215 luisse
501 1163 647 1221 videretur.
660 1164 813 1214 convivium
822 1161 976 1214 'lbusoulani
988 1159 1082 1225 Sigon.

163 1234 194 1286 cle
208 1230 527 1284 Ane.Jor.c.1l.u.u.
546 1238 612 1283 eutr.
622 1236 698 1296 putot
709 1231 806 1296 respici
823 1231 856 1282 uel
874 1230 1083 1282 corceeeetudinem

165 1302 317 1361 curialium,
330 1301 376 1365 qui
395 1300 472 1352 certis
484 1300 570 1352 diebus
582 1301 734 1352 interessent
752 1301 842 1360 meeis,
855 1315 919 1366 quoe
928 1315 978 1365 per
988 1297 1082 1350 Curio·

163 1385 226 1422 nens
235 1384 285 1436 pro
297 1370 373 1421 curlo
382 1369 499 1435 fierem.-
518 1370 585 1434 quob
603 1384 650 1433 ego
669 1383 723 1420 non
742 1369 825 1434 cupio.
862 1370 925 1421 Dies
943 1370 1033 1420 curiae
1045 1373 1083 1418 eet

165 1439 220 1491 dies
231 1436 349 1498 Seremus,
362 1439 402 1490 uel
413 1438 535 1503 legitimi,
548 1439 588 1490 uel
599 1443 673 1489 entro
685 1437 804 1489 ordinem
815 1437 954 1490 conuocati.
989 1436 1083 1488 Sereno

156 1505 254 1578 suerul
274 1507 302 1558 ele
320 1507 454 1573 republica
472 1507 542 1558 inter
559 1507 692 1573 principes
713 1507 834 1566 civitatis,
855 1508 926 1573 isque
946 1520 1047 1557 seuerus
1059 1509 1084 1556 et

158 1575 258 1636 'brisim
272 1573 444 1642 inclusores,
457 1576 481 1628 ri
493 1576 523 1627 in
539 1575 597 1642 ipso
608 1574 707 1626 Senatu
718 1576 843 1628 dixissent
854 1576 884 1627 de
895 1575 975 1626 lontio
986 1576 1062 1626 rebus
1074 1593 1083 1625 .·

167 1645 285 1710 requitur
296 1645 444 1696 convicium
455 1644 628 1696 nibilominus
650 1644 742 1704 biiure.
754 1645 830 1710 puule
847 1645 888 1696 rel
906 1644 1020 1696 mooince
1031 1658 1084 1696 esee

168 1715 230 1766 colel
241 1714 271 1766 in
282 1713 361 1774 uillis,
374 1714 404 1765 in
416 1728 479 1778 pum
491 1714 627 1765 reloeoneli
638 1713 724 1764 enimi
736 1728 813 1764 causo
825 1713 971 1765 secedimus.

201 1782 345 1836 Cosmus.
381 1782 457 1834 Offic.
468 1783 495 1834 ii.
511 1785 551 1834 18.
570 1781 710 1834 Cimonem
722 1782 838 1835 Athenis
850 1782 935 1834 etiam
953 1782 980 1833 iu
997 1779 1084 1831 curie·
1121 1829 1126 1836 ,

169 1853 204 1905 les
221 1867 282 1905 suos
303 1851 430 1904 muudus
450 1852 612 1918 hospitalem
636 1851 726 1903 fuisse.
761 1849 882 1903 cusiales
902 1865 955 1902 non
974 1856 1041 1909 sieut,
1054 1855 1084 1900 ul

169 1920 310 1975 Moenum
329 1921 524 1986 interpretatur.
537 1936 657 1990 φςιτοςκι
680 1920 711 1970 in
731 1935 806 1985 ptum
825 1935 943 1972 errorem
965 1918 1085 1970 inductus

170 1997 214 2051 est,
228 1990 295 2055 quot
306 1995 330 2040 el
341 1990 387 2041 bos
399 1990 512 2042 cusiales
529 1989 700 2106 iruerX'rcturi
711 1987 804 2040 Latini
815 1991 914 2041 solent.-
926 2003 972 2040 nec
983 2003 1084 2048 umes.

168 2066 199 2111 ul
219 2057 352 2117 Nisolius,
374 2059 416 2110 secl
433 2059 539 2122 tonores.
621 2070 666 2108 usn
685 2074 762 2115 mse,
782 2073 802 2108 s.
823 2059 935 2116 ceneten
955 2049 1084 2120 nonfuit

170 2124 626 2263 ‘corcullrnuiu’l'
654 2120 1084 2261 umuli
1203 2155 1209 2162 ·

170 2262 224 2315 tini
234 2269 333 2323 cocunt,
346 2261 438 2314 Cicero
449 2262 476 2313 lc.
489 2262 507 2313 l.
520 2264 635 2314 curiales
647 2270 728 2315 ocem.
916 2287 920 2296 v

206 2328 356 2382 Comicus.
395 2331 458 2399 Agr.
472 2330 500 2381 ii.
513 2335 553 2382 11.
572 2330 684 2383 Curiulo
700 2333 812 2385 comitia
830 2337 936 2385 tautum
956 2329 1086 2398 auspiciu·

172 2414 230 2454 rum
243 2414 323 2450 causa
342 2406 536 2452 remansesunt.
572 2398 689 2452 Curiotu'
699 2403 806 2454 comitio
817 2407 885 2460 sunit,
898 2403 989 2467 quibus
1001 2416 1032 2451 ec
1043 2400 1085 2452 iu·

171 2469 261 2521 stituto
273 2466 385 2520 Ilocncli
402 2484 451 2534 per
462 2469 549 2520 curios
560 2468 832 2536 euffroffiosencntur.
868 2470 911 2522 De
923 2471 957 2522 iis
968 2475 1004 2520 ecl
1016 2469 1084 2520 loun

172 2537 293 2590 classicus
305 2537 375 2602 Agr.
388 2538 419 2589 ii.
435 2541 531 2590 10.11.
546 2540 587 2592 12.
624 2539 658 2590 ln
669 2540 704 2591 iis
714 2539 818 2603 fiebunt
836 2539 992 2607 adoptiones,
1005 2545 1029 2590 el
1037 2553 1084 2603 pc·

172 2613 249 2659 lectos
260 2607 301 2658 rei
311 2607 438 2659 militarie
450 2607 670 2660 administrandae
682 2609 800 2660 clobulm.
836 2610 901 2677 Agr.
914 2610 942 2661 ii.
958 2612 998 2659 11.
1028 2605 1084 2658 Leo

173 2675 284 2728 citrioto.
297 2692 320 2727 u.
335 2674 393 2727 incl.
406 2674 465 2727 Lu.
492 2677 554 2728 Act.
568 2678 596 2729 ii.
610 2682 635 2729 7.
663 2678 728 2745 legis
741 2679 862 2729 >coriolos
873 2680 1003 2746 auspices,
1016 2682 1083 2737 sunl,

172 2745 219 2812 pui
232 2744 261 2795 in
272 2745 389 2809 euspicio
401 2750 489 2804 essent.
502 2746 565 2797 clune
576 2747 616 2797 leo
629 2744 865 2812 curiotuferretur.

208 2812 382 2864 Cuscosmss.
419 2816 480 2865 Act.
491 2814 519 2865 ii.
533 2817 558 2866 8.
577 2830 635 2866 uum
648 2816 675 2867 in
687 2816 835 2867 curiositate
847 2818 956 2884 eburone.

207 2880 349 2941 Cosmum,
369 2883 475 2934 inbono
491 2889 515 2934 el
527 2884 596 2935 mulo
615 2899 691 2934 sensu
710 2885 832 2936 occurrit.
867 2883 945 2936 Dum.
960 2885 1000 2936 12.
1021 2882 1087 2951 quib

173 2954 231 3005 tam
243 2950 384 3010 curiosum,
397 2967 477 3019 quam
493 2968 527 3004 ea
541 2954 610 3005 sciro
622 2954 704 3014 selle,
716 2953 751 3005 sle
788 2955 864 3005 uibus
877 2955 989 3021 majoros
1000 2955 1086 3006 nostri

174 3036 221 3074 vos
233 3020 301 3072 solos
314 3023 382 3071 scire
394 3025 424 3072 et
435 3021 700 3076 consuii'voluesunt.
713 3022 748 3074 cl.
798 3023 863 3074 lacu.
876 3023 918 3073 29.
944 3021 1003 3074 Fiu.
1016 3024 1045 3075 ii.
1058 3025 1084 3074 9.

176 3091 310 3157 reperiam
324 3090 429 3146 multos.
443 3106 493 3141 nou
505 3097 562 3142 inm
581 3092 704 3150 curiosos,
717 3107 767 3144 nee
787 3095 844 3143 tam
857 3091 992 3150 molestos,
1005 3106 1086 3159 quam

175 3174 221 3212 vos
233 3161 308 3215 ostis,
328 3158 423 3224 quibus
435 3159 561 3226 quicquid
573 3160 665 3219 selim,
682 3161 762 3212 licite
781 3158 964 3228 persssodccm.
977 3160 1009 3211 ad
1022 3159 1084 3212 Dis.

174 3228 214 3280 iii.
230 3232 253 3278 1.
272 3227 351 3277 homo
363 3228 506 3279 consulum
519 3228 644 3293 prudeus,
657 3244 750 3281 summ
762 3231 855 3286 etiam.
865 3227 1031 3300 quodjuvct⁹
1043 3244 1086 3280 uc-

174 3294 313 3350 riosus.ib.
323 3296 359 3345 is.
375 3298 415 3346 13.
434 3296 563 3347 curiosior
573 3297 606 3348 ad
622 3298 841 3367 investigandum.
854 3298 917 3348 ibitl.
930 3298 987 3348 viii.
1001 3301 1026 3349 1.
1046 3303 1087 3350 ta·

175 3364 256 3420 meisi
270 3370 308 3420 tu,
322 3363 384 3419 scio.
398 3379 479 3431 quum
498 3363 535 3417 sis
554 3365 679 3426 curiosus,
700 3374 731 3419 et
743 3383 822 3435 quem
834 3366 956 3418 omuibus
968 3367 1087 3436 peregri·

175 3432 299 3488 nantibus
311 3437 415 3500 gratius
435 3435 479 3492 sit,
493 3434 662 3487 minimarum
682 3452 787 3504 quoque
807 3451 905 3489 recum.
927 3451 995 3502 quoe
1013 3435 1087 3488 domi

174 3507 310 3572 geruntur.
323 3500 379 3554 usu
392 3503 530 3554 certiores.
567 3503 646 3556 Tusc.
668 3505 686 3556 i.
707 3508 749 3557 45.
778 3509 821 3557 est
840 3507 867 3556 iu
885 3506 957 3555 omni
975 3506 1087 3557 historia

177 3571 301 3624 curiosus.
315 3571 334 3624 i.
347 3587 373 3626 c.
386 3587 491 3635 onlnem
500 3572 642 3628 bisloriocu
662 3589 722 3629 cum
733 3590 797 3634 curo
807 3573 946 3641 diligenter
957 3573 1084 3627 tractavit.
